2159 3400
316 223 392 283 16
893 235 1070 285 cA'ro
1107 234 1339 296 imon,
1375 234 1505 285 ‘ssu

374 384 581 457 canii,
625 401 759 442 cum
798 350 1213 460 renfpt'ibli‘dam
1253 382 1499 442 consilio
1521 391 1598 441 'et
1640 383 1994 443 auctoritate

407 480 808 560 defendebant,
837 478 982 539 nihil
1012 480 1299 559 agebant?

424 657 426 661 7
485 576 582 633 Ad
610 576 760 654 App.
791 575 1023 634 Claudii
1049 585 1409 634 senectutem
1438 574 1762 634 accedebat
1787 576 1989 649 etiam,

408 682 474 730 ut
527 691 718 733 caecus
769 682 952 732 esset:
1015 682 1074 732 et
1127 682 1322 731 tamen
1375 671 1445 745 is,
1502 688 1639 730 cum
1693 672 1996 731 sententia

344 781 379 830 5
411 769 641 828 senatfis
668 769 972 829 inclinaret
1000 770 1071 828 ad
1097 786 1321 845 pacem,
1350 778 1414 827 et
1436 766 1621 826 foedus
1648 767 1992 827 iaciendum

411 886 545 924 cum
573 865 813 943 Pyrrho,
840 884 960 925 non
986 863 1269 923 dubitavit
1294 864 1491 923 dicere
1518 864 1637 938 illa,
1654 882 1787 942 quae
1813 863 1994 924 versi-

413 965 520 1023 bus
532 972 883 1040 persecutus
909 972 998 1020 est
1024 960 1285 1021 Ennius:

533 1123 566 1151 “
587 1120 704 1179 Quo
725 1119 863 1169 vobis
885 1124 1097 1182 mentes,
1117 1123 1267 1167 rectoe
1288 1132 1398 1180 quae
1421 1121 1551 1166 stare
1572 1115 1801 1169 solebant

586 1200 834 1262 Antehac,
855 1200 1112 1250 dementes
1132 1213 1241 1249 sese
1262 1197 1447 1248 flexere
1473 1197 1599 1262 [via]
1616 1199 1637 1246 ?
1657 1196 1688 1219 ’⁹

322 1347 383 1396 10
415 1354 736 1419 caeteraque
764 1342 1131 1421 gravissime:
1161 1349 1364 1401 notum
1384 1340 1540 1417 enim
1560 1338 1725 1401 vobis
1747 1358 1990 1399 carmen

415 1450 534 1499 est:
577 1449 636 1497 et
673 1449 866 1498 tamen
907 1437 1088 1514 ipsius
1128 1436 1308 1514 Appii
1347 1446 1503 1497 extas:
1535 1436 1762 1496 oratio:
1813 1446 1991 1512 atque
2081 1437 2090 1445 ’

415 1538 567 1595 hanc
607 1535 704 1593 ifle
742 1534 864 1612 egit
900 1543 1120 1610 septem
1159 1543 1218 1592 et
1245 1533 1447 1593 decem
1476 1552 1656 1593 annos
1689 1541 1823 1611 post
1850 1533 1994 1592 alte-
2051 1577 2073 1594 .
2111 1526 2128 1563 ’ἶ

416 1650 545 1689 ιιιιιι
597 1630 980 1704 conantum,
1035 1649 1170 1688 cum
1224 1629 1373 1689 inter
1437 1629 1584 1691 duos
1650 1629 1993 1688 consulatus

419 1727 554 1785 anni
583 1727 786 1786 decem
825 1723 1289 1800 interfluxissent,
1319 1744 1640 1802 censorque
1680 1710 1812 1784 ante
1848 1742 1994 1783 con-

326 1830 387 1880 15
417 1824 664 1883 sulatum
692 1823 1043 1901 superiorem
1070 1824 1287 1883 fuisset.
1371 1821 1473 1906 Ex·
1482 1841 1596 1897 quo
1623 1820 1991 1899 intelligitur,

418 1920 624 1998 Pyrrhi
651 1920 805 1979 bello
832 1920 1109 2004 grandem
1148 1938 1287 1982 sane
1327 1918 1539 1977 fuisse:
1577 1927 1640 1977 et
1673 1921 1872 1976 ‘tamen
1899 1917 1993 1977 sic

421 2039 455 2078 a
477 2020 737 2097 patribus
775 2018 1123 2096 accepimus,

496 2115 661 2186 Nihil
691 2116 865 2194 igitur
895 2116 1159 2187 afferunt,
1187 2112 1287 2189 qui
1314 2111 1375 2170 in
1401 2130 1464 2171 re
1491 2110 1746 2191 gerenda
1772 2110 1993 2170 versati

420 2189 774 2271 senectutem
812 2222 1060 2290 negant:
1102 2209 1432 2285 similesque
1470 2218 1603 2267 sunt
1630 2208 1723 2281 iis,
1751 2208 1853 2284 qui
1888 2223 1995 2286 gu-

325 2309 389 2360 20
420 2308 824 2368 bernatorem
809 2328 870 2366 ιιι
897 2305 1223 2386 navigando
1252 2323 1422 2385 agere
1447 2304 1590 2363 nihil
1614 2304 1833 2377 dicant,
1856 2322 1993 2363 cum

424 2405 521 2465 alii
564 2403 745 2462 malos
788 2404 1088 2477 scandant,
1133 2402 1230 2461 alii
1267 2421 1370 2481 per
1411 2400 1568 2460 foros
1608 2410 1863 2474 cursent,
1893 2399 1992 2459 alii

421 2500 705 2560 sentinam
732 2491 1100 2572 exhauriant}
1144 2499 1241 2558 ille
1270 2507 1480 2571 autem,
1508 2496 1733 2557 clavum
1762 2506 1989 2568 tenens,

422 2599 619 2656 sedeat
671 2597 732 2655 in
784 2597 961 2674 puppi
1000 2597 1245 2672 quietus.
1327 2593 1389 2652 N
1390 2611 1467 2651 on
1510 2593 1686 2652 faciat
1726 2612 1816 2666 ea,
1865 2610 1991 2670 quae

431 2695 704 2770 juvenes:
748 2702 806 2751 at
830 2710 966 2750 vero
994 2692 1175 2750 multo
1214 2690 1433 2766 majora
1469 2698 1529 2747 et
1566 2689 1808 2749 meliora
1834 2688 1987 2749 facit.

327 2797 392 2847 25
422 2788 483 2848 N
487 2809 563 2847 on
590 2788 826 2862 viribuS,
850 2798 948 2846 aut
973 2786 1396 2859 velocitatibus,
1427 2794 1525 2844 aut
1546 2785 1843 2845 celeritate
1871 2804 1991 2845 cor·

421 2904 646 2965 porum,
687 2903 781 2943 res
819 2902 1043 2960 magnae
1084 2891 1381 2960 geruntur,
1421 2881 1524 2940 sed
1565 2881 1832 2956 consilio,
1863 2900 1990 2942 auc-

353 3049 371 3058 „
426 2982 676 3055 toritate,
705 2978 1022 3049 sementi&
1053 2978 1262 3054 quibus
1286 2996 1406 3037 non
1433 2978 1606 3038 modo
1632 2996 1751 3035 non
1779 2977 1987 3051 orbari,
