2159 3400
722 254 809 304 m:
844 248 1251 306 ‘smum-urs.
1775 244 1858 307 29

184 401 495 481 flagitium,
549 402 723 462 nullis
789 405 915 464 aliis
981 406 1270 465 illecebris
1334 403 1595 480 excitari,
1648 405 1762 469 nisi

183 499 514 576 voluptatis.
592 501 861 577 Cumque
927 503 1149 561 homini
1214 504 1335 562 sive
1360 514 1586 577 natura,
1641 503 1763 563 sive

183 594 315 672 quis
370 596 553 669 Deus,
602 598 745 656 nihil
801 610 997 657 mente
1043 600 1426 676 praestabilius
1472 601 1759 672 dedisset3

185 693 328 751 huic
354 692 552 752 divino
580 695 804 755 muneri
854 714 923 754 ac
949 695 1107 755 dono
1152 696 1298 755 nihil
1339 716 1468 755 esse
1507 708 1626 756 tam
1654 698 1762 757 ini-

183 789 425 862 micum,
456 810 627 866 quam
673 791 1039 869 voluptatem.
1122 792 1257 851 Nec
1283 794 1463 866 enim,
1513 794 1759 855 libidine
1790 809 1823 858 5

184 885 541 960 dominante,
607 888 1002 965 temperantiae
1067 889 1265 948 locum
1331 909 1502 962 esse3
1571 910 1759 968 neque

181 984 424 1042 omnino
464 984 525 1042 in
550 984 858 1061 voluptatis
895 1004 1077 1064 regno
1119 986 1387 1044 virtutem
1424 1006 1595 1063 posse
1622 1006 1759 1046 con-

176 1080 404 1139 sistere.
483 1081 665 1144 Quod
706 1100 820 1158 quo
873 1083 1057 1159 magis
1100 1082 1345 1159 intelligi
1391 1094 1607 1160 posset,
1654 1084 1760 1141 fm-

181 1194 323 1255 gere
378 1177 571 1236 animo
622 1178 879 1255 jubebat,
933 1178 1097 1236 tanta
1151 1177 1455 1236 incitatum
1510 1178 1756 1255 aliquem

179 1272 473 1350 voluptate
512 1275 784 1351 corporis,
824 1284 1037 1351 quanta
1086 1274 1310 1351 percipi
1354 1285 1550 1352 posset
1602 1294 1756 1333 max-
1788 1275 1848 1326 1⁰

179 1369 315 1428 ima.
396 1369 636 1429 Nemini
677 1371 950 1429 censebat
991 1371 1111 1429 fore
1148 1370 1405 1444 dubium,
1435 1371 1573 1448 quin
1613 1382 1755 1431 tam-

179 1466 304 1538 diu,
333 1465 471 1524 dum
499 1467 580 1525 ita
606 1467 902 1544 gauderet,
931 1468 1075 1525 nihil
1121 1468 1338 1547 agitare
1365 1479 1579 1541 mente,
1607 1466 1751 1528 nihil

177 1563 424 1636 ratione,
455 1563 600 1621 nihil
630 1564 979 1642 cogitatione
1020 1565 1319 1641 consequi,
1346 1575 1574 1642 posset:
1617 1584 1756 1642 quo-

178 1659 343 1719 circa
367 1659 512 1719 nihil
553 1678 678 1719 esse
717 1670 832 1719 tam
871 1656 1228 1734 detestabile,
1257 1672 1486 1738 tamque
1523 1661 1755 1739 pestife-

179 1776 328 1829 rum,
356 1776 526 1833 quam
555 1755 936 1834 voluptatem3
978 1758 1261 1835 siquidem
1291 1778 1380 1832 ea,
1410 1778 1543 1817 cum
1571 1759 1752 1836 major
1787 1769 1847 1817 15

178 1864 331 1912 esset
372 1865 541 1930 atque
577 1851 828 1931 longior,
871 1873 1044 1912 omne
1086 1855 1264 1913 animi
1302 1856 1499 1913 lumen
1543 1856 1754 1913 exstin-

177 1960 396 2029 gueret.
507 1949 654 2009 Haec
695 1970 828 2009 cum
883 1950 951 2009 C.
994 1951 1207 2009 Pontio
1247 1951 1508 2009 Samnite
1564 1949 1752 2027 (patre

177 2048 320 2124 ejus,
367 2068 398 2106 a
433 2066 568 2125 quo,
598 2047 871 2107 Caudino
898 2047 1120 2124 proelio,
1151 2047 1250 2123 Sp.
1292 2045 1644 2118 Postumius,
1673 2045 1748 2104 T.

177 2143 474 2216 Veturius,
518 2144 805 2216 consules,
847 2144 1101 2220 superati
1140 2143 1301 2222 sunt)
1342 2142 1602 2200 locutum
1643 2142 1753 2199 Ar-

178 2240 429 2315 chytam,
484 2240 792 2299 Nearchus
844 2240 1220 2311 Tarentinus,
1275 2239 1482 2314 hospes
1533 2249 1750 2311 noster,
1781 2255 1845 2306 2⁰

179 2334 305 2412 (qui
334 2336 395 2394 in
426 2336 683 2394 amicitia
707 2336 906 2413 populi
949 2334 1207 2393 Romani
1235 2335 1657 2416 permanserat)
1688 2353 1751 2393 se

179 2450 215 2489 a
240 2432 551 2508 majoribus
578 2444 717 2491 natu
748 2432 1042 2508 accepisse
1070 2432 1323 2503 dicebat,
1354 2450 1487 2489 cum
1518 2431 1750 2508 quidem

177 2528 235 2585 ei
263 2530 523 2587 sermoni’
541 2530 894 2589 interfuisset
932 2528 1100 2587 Plato
1128 2528 1505 2587 Atheniensis
1522 2548 1538 2599 ;
1580 2546 1751 2604 quem

175 2623 498 2682 Tarentum
539 2626 784 2698 venisse,
826 2623 894 2683 L.
938 2625 1209 2697 Camillo,
1251 2624 1445 2701 Appio
1499 2623 1750 2682 Claudio

176 2721 532 2795 consulibus,
560 2724 805 2799 reperio.
1780 2722 1846 2772 25

249 2817 553 2880 Quorsum
596 2820 763 2879 haec'l
806 2830 869 2896 ut
908 2817 1265 2896 intelligatis,
1308 2816 1358 2875 si
1397 2816 1749 2892 voluptatem

179 2915 509 2993 adspernari
563 2916 787 2974 ratione
835 2926 893 2974 et
940 2915 1223 2992 sapientia
1270 2931 1388 2970 non
1432 2927 1748 2987 possemus,

177 3027 443 3092 magnam
486 3011 810 3071 habendam
850 3010 1137 3070 senectuti
1176 3007 1438 3087 gratiam,
1481 3019 1605 3080 quoe
1632 2999 1750 3057 effi-

648 3106 741 3164 3*
1534 3114 1540 3120 ’
