2159 3400
515 244 792 304 LAEmUS,
835 243 984 291 srvss
1025 242 1113 289 nn
1159 242 1473 290 Amorru.
1767 230 1881 290 108

181 390 528 469 perniciosa
568 392 662 466 sit,
691 411 907 451 nocere
948 400 1144 451 tamen
1175 390 1395 450 nemini
1437 394 1645 468 potest,
1674 388 1788 448 nisi

182 488 245 546 ei
273 489 378 565 qui
407 507 537 547 eam
578 489 806 566 recipit,
839 498 1007 566 atque
1048 490 1120 548 ea
1157 488 1496 547 delectatur.
1578 485 1672 545 Ita
1698 486 1784 558 fit,

187 594 256 644 ut
295 586 349 643 is
391 586 844 645 assentatoribus
887 585 1201 663 patefaciat
1246 602 1413 643 aures
1454 604 1588 643 suas
1634 602 1789 644 max·

190 681 333 755 ime,
363 682 465 758 qui
511 683 637 760 ipse
683 683 795 742 sibi
834 693 1175 756 assentetur,
1203 692 1264 741 et
1298 702 1360 741 se
1388 682 1638 741 maxime
1666 683 1788 760 ipse

193 778 468 838 delectet.
1814 782 1849 834 5

272 875 540 935 Omnino
567 888 655 936 est
678 896 877 936 amans
903 877 994 936 sui
1021 878 1235 936 virtus:
1275 877 1493 953 optime
1528 878 1683 935 enim
1724 895 1788 935 se

193 973 324 1050 ipsa
348 973 512 1031 novit
527 994 542 1045 3
585 990 869 1051 quamque
893 975 1157 1033 amabilis
1183 974 1276 1047 sit,
1307 973 1594 1052 intelligit.
1657 973 1788 1051 Ego

197 1080 393 1128 autem
421 1089 540 1139 non
568 1070 641 1128 de
670 1071 880 1129 virtute
901 1090 1059 1129 nunc
1088 1071 1307 1146 loquor,
1330 1069 1430 1128 sed
1461 1069 1534 1128 de
1564 1069 1787 1127 virtutis

195 1152 505 1242 opinione:
548 1167 756 1226 virtute
798 1169 951 1224 enim
995 1167 1121 1244 ipsa
1148 1186 1266 1224 non
1295 1177 1412 1225 tam
1455 1166 1620 1235 multi
1646 1185 1789 1243 prae·

196 1263 305 1320 diti
368 1283 516 1335 esse,
565 1283 735 1339 quarn
797 1264 999 1336 videri,
1047 1264 1259 1322 volunt.
1359 1262 1485 1322 Hos
1539 1262 1789 1320 delectat
1816 1266 1878 1316 10

197 1359 545 1418 assentatio:
615 1360 706 1418 his
771 1360 943 1418 fietus
999 1360 1070 1418 ad
1126 1360 1380 1436 ipsorum
1435 1358 1788 1417 voluntatem

195 1475 388 1515 sermo
436 1477 573 1515 cum
622 1457 945 1530 adhibetur,
995 1458 1316 1516 orationem
1370 1457 1527 1515 illam
1583 1474 1789 1514 vanam

195 1553 588 1628 testimonium
619 1537 746 1613 esse
774 1554 1008 1613 laudum
1037 1564 1270 1613 suarum
1296 1564 1519 1632 putant.
1604 1553 1788 1612 Nulla

197 1661 285 1710 est
315 1650 492 1729 igitur
521 1651 647 1711 haec
692 1651 967 1725 amicitia,
999 1671 1135 1710 cum
1176 1651 1316 1711 alter
1358 1670 1556 1711 verum
1587 1650 1790 1710 audire

199 1768 318 1808 non
344 1748 487 1822 vult,
519 1749 661 1807 alter
690 1749 761 1808 ad
789 1750 1183 1808 mentiendum
1208 1761 1440 1827 paratus
1466 1760 1571 1808 est.
1654 1750 1784 1808 Nec
1816 1756 1878 1805 15

197 1847 582 1923 parasitorum
622 1846 684 1905 in
726 1847 1027 1905 comoediis
1058 1848 1369 1905 assentatio
1395 1847 1565 1904 nobis
1594 1847 1785 1906 faceta

199 1943 509 2016 videretur,
538 1943 649 2001 nisi
677 1954 871 2001 essent
891 1942 1114 2001 Milites
1139 1943 1414 2002 Gloriosi.
1659 1933 1665 1938 ’

389 2092 422 2120 “
448 2090 665 2155 Magnas
687 2061 808 2140 itero
829 2106 977 2155 agere
1000 2091 1186 2155 gratias
1208 2089 1368 2139 Thats
1390 2090 1514 2138 mihi
1532 2092 1551 2137 ?
1566 2089 1596 2110 ’'

203 2225 359 2284 Satis
385 2235 508 2284 erat
535 2226 904 2303 respondere,
948 2232 987 2259 “
1006 2224 1287 2304 Magnas:
1309 2227 1343 2253 ”
1389 2231 1426 2258 “
1448 2224 1782 2303 Ingentes‚'’

202 2322 404 2399 inquit.
507 2323 750 2399 Semper
794 2333 966 2401 auget
1011 2332 1328 2381 assentator
1377 2323 1456 2396 id,
1506 2324 1660 2398 quod
1715 2322 1784 2397 is,
1813 2335 1877 2387 20

202 2420 368 2496 eujus
398 2420 470 2477 ad
510 2420 864 2477 voluntatem
905 2419 1141 2491 dicitur,
1176 2420 1297 2478 vult
1336 2438 1464 2477 esse
1492 2403 1784 2499 magnum.

200 2515 622 2589 Quamobrem,
666 2515 926 2592 quamvis
968 2516 1182 2574 blanda
1224 2517 1336 2576 ista
1375 2517 1600 2575 vanitas
1637 2503 1786 2594 apud

203 2630 303 2671 eos
342 2612 549 2686 valeat,
591 2613 692 2690 qui
733 2611 842 2690 ipsi
882 2613 1042 2671 illam
1098 2613 1369 2674 allectant
1409 2625 1467 2673 et
1508 2615 1787 2686 invitant3

204 2719 394 2769 tamen
441 2710 618 2769 etiam
657 2709 950 2789 graviores
1004 2712 1539 2787 constantioresque
1594 2712 1788 2769 admo-

203 2808 378 2866 nendi
433 2816 588 2879 sunt,
637 2817 701 2865 ut
762 2808 1018 2867 animum
1074 2809 1391 2880 advertant,
1445 2827 1520 2866 ne
1574 2807 1784 2865 callida
1811 2808 1875 2858 25

208 2905 592 2964 assentatione
621 2904 941 2981 capiantur.
1026 2905 1247 2981 Aperte
1278 2905 1433 2963 enim
1455 2904 1784 2962 adulantem

206 3019 375 3064 nemo
402 3020 525 3060 non
571 2999 746 3075 videt,
772 3001 887 3060 nisi
935 3000 1033 3077 qui
1079 3001 1386 3061 admodum
1430 3009 1518 3057 est
1558 3015 1780 3056 excors.
