2159 3400
765 253 854 300 m:
876 244 1286 302 sensorum
1409 240 1416 259 ⁸
1817 238 1902 303 2⁷

234 402 353 460 ista
378 401 580 460 senilis
605 402 847 461 stultitia
867 402 1022 482 (quae
1048 404 1314 464 deiiratio
1337 400 1609 481 appellari
1635 401 1805 482 solet)

222 508 444 559 'senum
472 497 683 558 levium
710 509 817 572 est,
846 519 960 558 non
989 501 1261 560 omnium.

314 592 592 655 Quamor
619 595 884 653 robustos
923 595 1091 669 filios,
1118 596 1368 673 quinque
1395 595 1560 668 filias,
1587 572 1858 654 tantam*-

196 670 496 762 nomam,
550 699 739 748 tantas
792 688 1113 764 clientelas,
1169 691 1393 768 Appius
1446 692 1701 769 regebat,
1743 701 1807 749 et

237 798 418 844 senex
452 795 516 844 et
554 804 782 845 oaecus:
832 787 1116 846 intentum
1156 788 1311 846 enim
1354 788 1626 860 animum,
1666 799 1808 846 tam-
1834 806 1867 855 5

237 892 408 959 quam
439 900 656 955 areum,
684 882 964 954 habebam
994 903 1106 941 neo
1131 883 1515 962 languescens
1542 903 1805 943 succum-

236 979 412 1036 bebat
450 979 751 1038 senectuti.
831 979 1102 1038 Tenebat
1140 998 1255 1039 non
1297 979 1466 1039 modo
1505 981 1807 1039 auetorita-

238 1083 377 1147 tem,
417 1074 520 1132 sed
559 1075 732 1134 etiam
773 1075 1094 1152 imperium,
1136 1076 1195 1134 in
1252 1095 1416 1135 suos:
1475 1077 1807 1135 metuebant
1893 1098 1904 1106 ·

238 1171 420 1242 servi3
477 1172 819 1230 verebantur
870 1172 1070 1242 liberi3
1134 1190 1331 1229 earum
1382 1188 1582 1230 omnes
1635 1171 1807 1230 habe·

240 1267 411 1325 bant:
453 1268 682 1346 vigebat
720 1268 781 1327 in
822 1268 923 1326 ina
960 1267 1135 1327 domo
1172 1268 1395 1346 patrius
1433 1286 1555 1327 mos
1592 1277 1652 1327 et
1690 1268 1805 1327 dis-
1835 1274 1897 1324 10

241 1363 470 1440 ciplina.

314 1457 407 1518 Ita
444 1459 600 1518 enim
640 1469 908 1518 senectus
947 1460 1192 1519 honesta
1229 1471 1336 1534 est,
1363 1460 1413 1520 si
1454 1479 1518 1519 se
1558 1460 1682 1538 ipsa
1707 1460 1807 1519 de-

237 1554 438 1629 fendit,
468 1556 518 1614 si
539 1557 633 1634 jus
659 1568 827 1615 suum
852 1557 1083 1630 retinet,
1112 1557 1162 1615 si
1196 1557 1414 1616 nemini
1442 1557 1805 1635 emancipata

218 1661 343 1725 est,
372 1651 422 1711 si
447 1670 627 1730 usque
657 1652 729 1712 ad
755 1662 1071 1713 extremum
1099 1653 1362 1731 spiritum
1390 1654 1712 1715 dominatur
1741 1655 1801 1714 in

236 1767 387 1808 suos.
467 1741 549 1809 Ut
586 1750 740 1809 enim
783 1739 1225 1824 adolescentem,
1255 1751 1316 1810 in
1343 1771 1454 1830 quo
1480 1753 1661 1810 senile
1703 1751 1801 1811 ali·
1831 1765 1893 1815 15

235 1846 390 1923 quid,
419 1846 506 1905 sie
546 1865 761 1920 senem,
790 1847 851 1905 in
880 1865 991 1924 quo
1017 1857 1106 1906 est
1147 1849 1525 1908 adolescentis
1566 1849 1797 1925 aliquid,
1952 1879 1978 1950 Ι

230 1944 444 2020 probo:
486 1943 638 2021 quod
678 1944 776 2020 qui
830 1946 1108 2021 sequitur,
1151 1963 1388 2021 corpore
1445 1963 1620 2002 senex
1671 1964 1800 2003 esse

230 2039 460 2115 poterit,
518 2039 709 2097 animo
758 2058 1051 2115 nunquam
1105 2039 1232 2097 erit.
1316 2039 1606 2115 Septimus
1657 2039 1799 2098 mihi

233 2134 653 2213 “Originum'’
694 2136 840 2194 liber
881 2146 969 2194 est
1008 2135 1068 2193 in
1098 2135 1393 2194 manibus:
1437 2134 1631 2194 omnia
1659 2136 1801 2195 anti·

233 2232 466 2307 quitatis
482 2241 857 2289 monumenta
878 2231 1118 2309 colligo:
1149 2249 1449 2289 causarum
1470 2229 1796 2306 illustrium,
1827 2235 1889 2286 20

229 2341 620 2404 quascumque
660 2327 912 2399 defendi,
955 2347 1114 2386 nune
1169 2345 1337 2403 quam
1378 2328 1623 2387 maxime
1664 2348 1798 2388 eon-

229 2415 365 2484 fieio
402 2424 720 2484 orationes:
757 2424 851 2501 jus
892 2441 1191 2501 augurum,
1230 2425 1586 2501 pontificum,
1628 2426 1796 2484 civile

230 2530 449 2579 tracto:
489 2521 732 2580 multum
772 2521 945 2578 etiam
985 2521 1208 2578 Graeois
1245 2521 1427 2580 literis
1465 2533 1627 2581 utor:
1689 2522 1797 2598 Py-

230 2616 743 2693 thagoreorumque
770 2635 947 2688 more,
978 2617 1313 2676 exercendae
1355 2619 1642 2677 memoriae
1670 2637 1796 2695 gra-

227 2712 334 2784 tia,
361 2711 498 2789 quid
526 2732 747 2789 quoque
788 2711 881 2772 die
922 2712 1185 2786 dixerim,
1230 2714 1525 2786 audierim,
1554 2714 1793 2791 egerim,
1823 2721 1887 2774 25

225 2827 620 2867 commemoro
670 2808 907 2885 vesperi.
1010 2809 1121 2867 Hae
1174 2820 1307 2868 sunt
1359 2810 1795 2868 exercitationes

224 2905 472 2983 ingenii,
514 2905 640 2962 haee
668 2904 957 2963 curricula
995 2906 1238 2962 mentis:
1280 2905 1340 2962 in
1380 2905 1470 2962 his
1509 2904 1794 2961 desudans

226 3012 401 3078 atque
441 3001 763 3073 elaborans,
804 3001 1061 3077 eorporis
1101 3001 1249 3057 vires
1288 3017 1403 3056 non
1449 3013 1793 3073 magnopere
