2159 3400
352 215 435 276 84
936 229 1113 276 cuo
1149 222 1379 290 iinon,
1405 226 1534 278 suu
2135 248 2136 293 χ

451 376 903 448 inimicitiarum,
934 377 1622 454 cupiditatum'omnium,
1652 366 1863 437 secum
1885 388 2037 452 esse,

451 490 760 548 secumque
810 473 903 552 (ut
953 470 1196 554 dicitur)
1252 475 1472 532 vivere!
1556 474 1623 533 Si
1664 492 1807 533 vero
1858 470 2036 534 habet

432 568 679 644 'aliquod
724 580 993 646 tanquam
1018 570 1291 647 pabulum
1320 569 1498 629 studii
1521 581 1694 647 utque
1720 571 2036 644 doctrinae,

449 665 592 723 nihil
618 676 708 723 est
734 666 921 724 otiosa
941 676 1240 725 senectute
1259 666 1590 744 jucundius.
1674 665 1833 725 Mori
1861 680 2037 745 piene

387 764 421 812 5
451 761 800 835 videbamus,
825 762 884 820 in
912 763 1104 821 studio
1121 762 1458 820 dimetiendi
1475 762 1608 820 coeli
1633 773 1810 839 atque
1836 775 2034 836 terrae,

450 857 519 922 C.
548 858 799 931 Gallum,
828 858 1165 917 familiarem
1203 858 1385 935 patris
1422 859 1528 930 tui,
1559 859 1777 935 Scipio.
1857 856 2035 923 Quo-

451 954 558 1012 ties
586 955 744 1014 illum
772 957 870 1015 lux
893 964 1071 1013 noctu
1096 944 1308 1031 aliquid
1328 950 1655 1019 describere
1677 954 2028 1031 ingressum,

448 1051 673 1128 quoties
697 1070 814 1110 nox
838 1052 1136 1129 oppressit,
1160 1068 1294 1109 cum
1322 1064 1491 1108 mane
1517 1050 1820 1127 coepisset!
1847 1070 2028 1128 qnam

446 1147 772 1207 delectabat
812 1144 963 1221 eum,
992 1146 1347 1205 defectiones
1383 1146 1524 1205 solis
1555 1156 1618 1204 et
1654 1146 1810 1204 lunae
1840 1149 2036 1217 multo„

358 1238 421 1290 1⁰
446 1246 613 1304 nobis
636 1252 767 1304 anre
792 1245 1137 1321 praedicere!
1825 1290 1830 1299 .

520 1340 687 1402 Quid
727 1341 788 1397 in
827 1339 1136 1397 levioribus
1176 1338 1398 1411 studiis,
1428 1332 1529 1397 sed
1569 1347 1762 1397 tamen
1792 1340 2031 1425 acutis}

443 1454 614 1512 quarn
641 1435 928 1512 gaudebat
954 1430 1120 1492 Bello
1148 1452 1254 1494 suo
1279 1434 1505 1493 Punico
1531 1434 1592 1492 N
1595 1436 1802 1493 aevius!
1845 1444 2023 1513 quain

444 1529 808 1588 Truculento
885 1530 1158 1589 Plautus!
1238 1548 1408 1606 quam
1473 1530 1794 1590 Pseudolo!
1877 1530 2021 1592 Vidi

442 1625 619 1684 etiam
659 1644 856 1684 senem
894 1626 1159 1687 Livium:
1200 1627 1318 1705 qui,
1349 1642 1482 1685 cum
1524 1640 1624 1685 sex
1652 1644 1835 1686 annos
1852 1634 2018 1706 gnte,

357 1723 419 1773 15
445 1739 616 1799 quam
641 1739 753 1801 ego
772 1733 942 1783 natus
969 1729 1116 1797 sum,
1139 1724 1391 1783 fabulam
1417 1724 1724 1797 docuisset,
1749 1726 2019 1786 Centone

444 1819 854 1897 Tuditanoque
883 1820 1235 1894 consulibus,
1266 1839 1444 1897 usque
1472 1821 1543 1889 ad
1568 1821 2016 1881 adolescentiam

410 1963 425 1977 ,
443 1935 632 1976 meam
651 1917 932 1993 processit
952 1926 1136 1976 etate.
1216 1917 1383 1980 Quid
1402 1917 1475 1974 de
1495 1917 1559 1975 P.
1583 1917 1800 1975 Licinii
1818 1918 2016 1977 Crassi

443 2024 502 2073 et
526 2013 809 2091 pontificii
837 2024 894 2072 et
922 2013 1107 2072 civilis
1141 2012 1286 2091 juris
1311 2014 1503 2071 studio
1527 2011 1773 2089 loquar?
1816 2025 1913 2073 aut
1941 2015 2018 2072 de

443 2111 612 2188 hujus
638 2111 702 2169 P.
727 2110 1038 2187 Scipionis,
1059 2109 1160 2186 qui
1186 2109 1275 2167 his
1300 2109 1502 2185 paucis
1522 2109 1726 2168 diebus
1750 2110 2016 2188 pontifex

348 2202 413 2254 2⁰
443 2208 724 2265 maximus
778 2207 963 2266 factus
1014 2208 1143 2264 est?
1223 2206 1403 2282 Atqui
1456 2224 1558 2263 eos
1603 2224 1824 2278 omneS,
1868 2223 2015 2282 quos

443 2304 901 2376 commemoravi,
943 2302 1034 2360 his
1073 2301 1278 2361 studiis
1318 2302 1623 2379 flagrantes
1663 2320 1833 2360 senes
1873 2302 2015 2361 vidi-

440 2415 584 2457 mus.
668 2397 752 2456 Μ.
795 2417 930 2457 vero
970 2398 1315 2476 Cethegum,
1343 2417 1512 2474 quem
1552 2407 1711 2455 recte
1740 2404 1779 2432 “
1800 2399 2012 2457 Suadae

438 2494 794 2553 medullam'’
825 2494 967 2553 dixit
1007 2494 1251 2566 Ennius,
1280 2503 1493 2569 quanto
1533 2492 1725 2551 studio
1752 2494 2009 2553 exerceri

437 2591 498 2649 in
525 2590 776 2649 dicendo
804 2589 1155 2661 videbamus,
1179 2588 1353 2647 etiam
1377 2590 1610 2647 senem!
1691 2588 1847 2651 Quae
1875 2597 2010 2648 sunt

340 2701 406 2752 25
437 2687 613 2765 igitur
666 2687 982 2762 epularum,
1033 2691 1130 2743 aut
1182 2684 1468 2755 ludorum,
1515 2694 1612 2742 aut
1664 2696 2004 2755 scortorum,

434 2782 753 2858 voluptates
805 2795 938 2838 cum
993 2779 1085 2838 his
1122 2779 1507 2855 voluptatibus
1557 2781 1962 2858 comparandae
1977 2783 2006 2839 'l

433 2879 627 2951 Atque
654 2878 779 2934 haec
804 2875 1035 2952 quidem
1060 2874 1254 2933 studia
1280 2874 1590 2947 doctrinae3
1619 2895 1744 2952 quae
1769 2878 2002 2953 quidem

430 2970 806 3046 prudentibus
844 2980 903 3027 et
929 2971 1077 3028 bene
1118 2970 1392 3029 institutis
1415 2972 1630 3047 pariter
1670 2989 1805 3028 cum
1835 2982 2001 3031 aetate
