2159 3400
327 185 406 245 84
725 201 1000 261 LAELms,
1042 200 1193 248 snm
1234 196 1321 247 nn
1361 199 1683 248 menn.

420 348 674 407 amicitia⁴
719 348 883 420 fineS,
932 359 992 407 et
1037 349 1202 425 quasi
1247 348 1499 423 termini,
1541 347 1865 426 diligendi:
1920 347 1985 404 de

417 444 622 522 quibus
642 455 758 503 tres
778 446 1283 504 videofsententias
1303 445 1472 516 ferri;
1515 461 1760 521 quarum
1782 445 1984 503 nuliam

414 541 634 618 probo:
678 560 872 614 unam,
902 553 966 601 ut
1005 542 1212 600 eodem
1254 542 1426 600 modo
1459 561 1601 623 erga
1637 542 1889 600 amicum
1916 540 1986 598 af·

382 718 385 721 Α
417 637 555 695 fecti
594 637 793 710 simus,
821 657 935 714 quo
976 658 1116 716 erga
1153 648 1381 697 nosmet
1407 638 1600 715 ipsos;
1646 638 1902 710 alteram,
1929 647 1985 696 ut

353 738 387 786 5
415 744 612 793 nostra
652 735 711 792 in
754 735 970 793 amicos
1010 735 1413 793 benevolentia
1452 734 1686 792 illorum
1715 753 1864 812 erga
1886 752 1984 792 nos

414 831 828 888 benevolentiae
879 831 1093 908 pariter
1146 831 1551 907 aequaliterque
1611 832 1981 907 respondean

413 928 659 999 tertiam,
688 938 772 1001 ut,
800 927 998 1004 quanti
1024 927 1264 1004 quisque
1291 946 1355 985 se
1381 927 1503 1004 ipse
1532 927 1696 1001 facit,
1720 927 1867 989 tanti
1893 927 1984 985 fiat

416 1024 488 1083 ab
517 1024 736 1083 amicis„
1593 1078 1598 1081 .

493 1122 718 1180 Harum
745 1123 919 1181 trium
946 1120 1359 1180 sententiarum
1382 1120 1528 1179 nulli
1545 1138 1786 1197 prorsus
1806 1139 1987 1180 assen-

323 1218 384 1268 10
413 1218 538 1277 tior.
620 1217 752 1275 Nec
790 1218 947 1275 enim
975 1217 1074 1275 illa
1098 1216 1284 1294 prima
1310 1235 1446 1274 vera
1470 1226 1578 1288 est,
1608 1226 1691 1288 ut,
1722 1217 1988 1292 quemad-

411 1314 647 1372 modum
670 1315 728 1371 in
750 1333 814 1371 se
834 1314 1095 1390 quisque,
1114 1314 1201 1371 sic
1222 1313 1559 1371 inumioum
1586 1313 1663 1370 sit
1686 1315 1984 1375 animatus.

408 1410 610 1471 Quam
650 1410 831 1468 multa
870 1410 1204 1486 enim„quae
1243 1410 1442 1468 nostra
1480 1410 1661 1468 causa
1696 1429 1988 1488 nunquam

411 1504 749 1577 faceremuS,
781 1506 1024 1564 facimus
1052 1507 1231 1565 causa
1260 1506 1620 1564 amicorum?
1660 1508 1891 1583 precari
1920 1507 1988 1564 ab

412 1600 670 1678 indigno,
712 1602 1071 1677 supplicare3
1130 1612 1252 1661 tum
1309 1602 1574 1660 acerbius
1622 1603 1684 1660 in
1741 1604 1988 1680 aliquem

318 1695 380 1745 15
411 1698 622 1771 invehi,
653 1698 1037 1774 insectarique
1066 1700 1493 1758 vehementius:
1536 1718 1663 1780 quae
1685 1700 1753 1758 in
1780 1701 1987 1760 nostris

408 1796 581 1858 rebus
601 1815 720 1854 non
742 1796 879 1853 satis
899 1796 1158 1869 honeste,
1182 1783 1244 1870 in
1273 1796 1588 1854 amicorum
1609 1796 1759 1855 fiunt
1786 1798 1989 1858 hones·

407 1893 643 1953 tissime.
725 1892 927 1951 Multae
967 1911 1196 1969 quoque
1234 1911 1328 1950 res
1367 1902 1519 1964 sunt,
1562 1893 1624 1950 in
1664 1894 1879 1968 quibus
1916 1893 1989 1951 de

408 1992 528 2051 suis
555 1990 875 2050 commodis
901 1988 1009 2049 viri
1049 1989 1189 2047 boni
1228 1978 1409 2047 multa
1443 1987 1773 2062 detrahunt,
1803 1990 1990 2047 detra-

408 2089 580 2166 hique
616 2088 931 2166 patiuntur,
969 2096 1034 2144 ut
1074 2086 1147 2143 iis
1189 2085 1360 2143 amici
1397 2085 1610 2162 potius„
1641 2104 1813 2160 quam
1859 2086 1987 2163 ipsi,

311 2183 376 2235 2⁰
408 2185 685 2244 fruantur.

322 2270 385 2289 “““
485 2282 687 2339 Altera
742 2280 1028 2339 sententia
1077 2289 1185 2353 est,
1244 2296 1371 2354 quae
1425 2278 1623 2336 definit
1666 2278 1983 2337 amicitiam

402 2377 636 2452 paribus
688 2378 893 2436 officiis
948 2396 1016 2436 ac
1063 2376 1472 2435 voluntatibus.
1554 2372 1694 2432 Hoc
1746 2375 1982 2452 quidem

404 2482 491 2530 est
529 2472 702 2529 nimis
741 2473 950 2551 exigue
991 2484 1050 2531 et
1090 2473 1314 2531 exiliter
1357 2470 1429 2530 ad
1468 2470 1728 2529 calculos
1770 2487 1981 2530 vocare

405 2567 738 2640 amicitiam,
767 2578 831 2626 ut
867 2588 971 2645 par
1011 2569 1088 2627 sit
1129 2570 1276 2627 ratio
1319 2577 1689 2644 acceptorum
1727 2578 1786 2625 et
1818 2569 1980 2627 dato-

307 2661 371 2712 25
401 2685 546 2725 rum.
638 2663 832 2722 Ditior
890 2664 1032 2720 mihi
1086 2675 1146 2722 et
1200 2664 1519 2723 affluentior
1572 2664 1800 2722 videtur
1851 2683 1980 2723 eme

400 2780 536 2819 vera
575 2758 864 2828 amicitia3
907 2776 1020 2814 nec
1058 2757 1364 2818 observare
1403 2760 1687 2833 restricte,
1729 2780 1812 2819 ne
1831 2761 1979 2838 plus

399 2856 619 2927 reddat,
647 2871 815 2929 quam
847 2852 1156 2929 acceperit.
1238 2853 1447 2930 Neque
1474 2856 1631 2913 enim
1658 2856 1981 2916 verendum

399 2960 506 3023 est,
534 2968 609 3009 ne
647 2947 785 3025 quid
823 2947 1072 3020 excidat,
1104 2957 1202 3007 aut
1240 2967 1317 3007 ne
1342 2949 1482 3026 quid
1521 2951 1583 3009 in
1622 2961 1839 3012 terram
1880 2953 1981 3014 de-
