2159 3400
732 245 821 295 BE
862 244 1271 293 SENECTUTE.
1815 231 1894 290 51

213 397 475 482 vitorum
521 404 658 473 post
699 406 943 454 mortem
983 394 1237 453 honores
1275 398 1702 472 permanerent,
1749 390 1803 449 si

213 493 362 552 nihil
392 512 594 550 eorum
625 492 880 569 ipsorum
904 491 1088 550 animi
1111 491 1433 564 efficerent,
1452 507 1566 566 quo
1578 489 1803 548 diutius

214 589 560 649 memoriam
607 588 698 648 sui
738 599 1092 647 teneremus.
1174 585 1327 646 Mihi
1379 587 1614 663 quidem
1656 604 1803 644 nun-

216 705 392 763 quam
417 686 753 764 persuaderi
777 685 986 762 potuit,
1012 684 1261 758 animos,
1288 684 1429 743 dum
1458 685 1519 742 in
1547 684 1803 761 eorpori-

217 783 327 842 bus
354 792 550 841 essent
588 780 947 855 mortalibus,
971 781 1219 853 'vivere3
1261 800 1397 840 oum
1436 780 1691 840 exissent
1729 799 1803 838 ex
1831 793 1865 842 5

214 878 313 952 iis,
334 878 552 936 emori:
595 896 708 936 nee
735 896 892 950 vero,
920 887 1045 935 tum
1075 876 1332 936 animum
1371 895 1499 935 esse
1527 876 1802 953 insipien-

215 985 359 1048 tem,
404 994 541 1033 eum
590 994 663 1033 ex
704 974 1005 1051 insipienti
1050 992 1296 1050 corpore
1343 974 1654 1044 evasisset3
1696 973 1801 1032 sed

217 1091 377 1145 oum,
406 1072 568 1131 omni
606 1071 963 1130 admixtione
991 1071 1253 1147 eorporis
1292 1070 1591 1142 liberatus,
1619 1088 1800 1147 purus

216 1179 280 1228 et
326 1170 552 1247 integer
599 1186 727 1227 esse
768 1168 1057 1244 ooepisset,
1101 1178 1226 1226 tum
1278 1185 1407 1225 esse
1454 1166 1795 1243 sapientem.

215 1265 416 1343 Atque
436 1265 633 1338 etiam,
663 1283 800 1322 eum
828 1264 1084 1322 hominis
1104 1274 1316 1322 natura
1335 1272 1522 1321 morte
1542 1262 1801 1320 dissolvi-
1833 1267 1895 1317 10

216 1368 334 1435 tur,
364 1371 701 1421 caeterarum
730 1378 945 1433 rerum,
973 1360 1348 1438 perspicuum
1368 1370 1475 1432 est,
1506 1378 1621 1436 quo
1649 1378 1803 1435 quae-

217 1476 335 1535 que
361 1457 664 1516 discedant
688 1452 944 1517 :abeunt
966 1457 1124 1516 enim
1146 1457 1287 1516 illue
1309 1457 1523 1531 omnia,
1539 1456 1692 1516 unde
1712 1475 1802 1516 or-

215 1564 282 1614 ta
296 1565 462 1625 sunt3
507 1554 734 1613 animus
762 1564 956 1613 autem
977 1554 1156 1628 solus,
1170 1573 1286 1614 nee
1313 1573 1449 1612 eum
1480 1555 1659 1627 adest,
1687 1573 1800 1613 neo

140 1661 154 1670 ‘
216 1668 354 1712 oum
370 1650 637 1724 discedit,
663 1660 913 1728 apparet.
956 1650 996 1709 J
998 1670 1091 1711 am
1107 1670 1245 1711 vero
1260 1652 1487 1726 videtis,
1505 1652 1650 1710 nihil
1672 1669 1800 1711 esse

198 1748 393 1808 morti
421 1758 539 1806 tam
567 1748 775 1821 simile,
806 1766 977 1824 quam
998 1766 1285 1809 somnum.
1369 1748 1552 1826 Atqui
1588 1748 1801 1808 dormi-
1830 1760 1895 1810 15

216 1845 442 1905 entium
473 1844 652 1903 animi
690 1845 941 1903 maxime
981 1844 1282 1904 declarant
1321 1845 1682 1904 divinitatem
1709 1864 1803 1903 su-

221 1960 332 2001 am.
415 1940 609 1999 Multa
661 1940 838 2014 enim,
894 1960 1029 2001 oum
1072 1942 1300 1999 remissi
1342 1952 1401 2000 et
1441 1942 1612 1999 liberi
1643 1952 1800 2015 sunt,

219 2038 414 2098 littura
457 2037 837 2115 prospiciunt.
921 2038 1014 2122 Ei:
1053 2056 1174 2113 quo
1212 2037 1571 2116 intelligitur,
1601 2037 1802 2113 quales

219 2133 399 2193 futuri
427 2133 562 2205 sint,
593 2152 727 2192 cum
749 2151 812 2191 se
838 2133 1012 2217 plane
1040 2133 1301 2210 eorporis
1328 2133 1577 2191 vinculis
1618 2133 1802 2192 relax-

221 2230 459 2290 averint.
539 2229 765 2303 Quare,
793 2230 844 2288 si
871 2230 999 2288 haeo
1026 2230 1110 2289 ita
1134 2239 1290 2302 sunt,
1311 2230 1398 2287 sio
1423 2248 1518 2288 me
1540 2230 1799 2305 oolitote,
1830 2237 1895 2287 20

219 2337 285 2387 ut
310 2327 523 2386 Deum.
607 2327 715 2385 Sin
754 2327 874 2385 una
900 2336 990 2384 est
1029 2326 1370 2385 interiturus
1410 2326 1637 2385 animus
1665 2346 1801 2388 oum

219 2442 486 2501 corpore,
542 2442 644 2481 vos
695 2433 910 2495 tamen,
955 2422 1118 2481 Deos
1162 2409 1447 2496 verentes,
1496 2424 1595 2500 qui
1649 2424 1803 2483 hanc

218 2523 455 2580 omnem
493 2518 986 2596 pulchritudinem
1028 2529 1265 2578 tuentur
1306 2529 1365 2578 et
1404 2531 1634 2598 regunt,
1689 2540 1805 2580 me-

217 2616 467 2675 moriam
493 2615 678 2674 nostri
715 2616 812 2692 pie
840 2615 1224 2691 inviolateque
1252 2617 1608 2676 servabitis.”
1692 2617 1805 2694 Cy·

217 2731 319 2773 rus
346 2701 582 2790 quidem
610 2712 737 2771 haeo
762 2713 1036 2772 moriens.
1117 2712 1247 2772 Nos
1271 2713 1347 2793 (si
1367 2714 1585 2794 placet)
1607 2724 1807 2772 nostra
1832 2716 1896 2768 25

216 2808 538 2869 videamus

1874 940 1904 979 l

306 3001 541 3061 VVTW..
623 3000 820 3061 Nemo
845 3018 1103 3076 unquam
1130 3000 1293 3072 mihi,
1323 2999 1549 3075 Scipio,
1569 3014 1803 3074 persua·-
