2159 3400
322 230 405 291 42
907 242 1086 291 cATo
1123 239 1355 297 muoz,
1386 238 1512 288 ssu

497 389 646 453 Haec
672 388 829 451 enim
858 365 985 464 ips⁶a
1009 399 1145 451 sunt
1172 387 1552 460 honorabilia,
1570 406 1699 464 quae
1727 387 2011 446 videntur

415 485 566 542 levia
605 495 776 559 atque
817 486 1167 558 communia,
1210 484 1465 556 salutari,
1509 483 1722 561 appeti,
1767 485 2006 556 decedi,

417 582 659 659 assurgi,
705 581 939 654 deduci,
981 582 1228 680 reduci,·
1256 580 1516 640 consuli:
1563 600 1691 656 quae
1735 591 1799 639 et
1848 560 2006 657 apud

413 696 540 749 nos,
570 688 628 737 et
657 678 716 736 in
746 678 872 739 aliis
900 678 1251 750 civitatibus,
1279 687 1343 735 ut
1369 696 1606 754 quaeque
1633 676 1856 753 optime
1885 696 2005 737 mo-

353 782 385 828 5
413 775 668 846 rata,.ita
694 775 1132 852 diligentissime
1154 775 1546 833 observantur.
1627 773 2002 848 Lysandrum

414 871 920 930 Lacedaemonium
966 870 1160 949 (cujus
1213 871 1389 928 modo
1441 870 1800 927 mentionem
1847 870 1998 950 feci)

413 967 609 1026 dicere
639 968 798 1026 aiunt
822 967 1074 1039 solitum,
1106 966 1527 1027 Lacedaemone
1555 985 1681 1023 esse
1710 967 2000 1024 honestis-

413 1065 625 1122 simum
671 1065 1030 1123 domicilium
1086 1063 1436 1123 senectutis:
1493 1074 1777 1137 nusquam
1837 1064 1996 1122 enim

410 1171 633 1221 tantum
687 1161 957 1221 tribuitur
1011 1159 1187 1231 aetati,
1241 1174 1524 1234 nusquam
1578 1168 1666 1219 est
1719 1169 1995 1218 senectus

322 1262 383 1312 10
411 1257 760 1316 honoratior.
841 1256 1184 1319 Quinetiam
1214 1254 1506 1319 memoriae
1545 1255 1841 1331 proditu'm
1883 1266 1990 1326 est,

411 1372 544 1411 cum
574 1353 841 1424 Athenis,
871 1352 1042 1424 ludis,
1071 1352 1306 1426 quidam
1336 1351 1395 1409 in
1436 1350 1723 1410 theatrum
1751 1352 1992 1429 grandis

408 1458 550 1505 natu
603 1449 869 1518 venisset,
913 1447 973 1505 in
1027 1467 1240 1524 magno
1291 1466 1567 1505 consessu
1610 1447 1808 1505 locum
1854 1447 1911 1506 ei
1957 1466 1991 1505 a

411 1544 528 1600 suis
583 1543 804 1601 civibus
843 1562 1134 1619 nusquam
1188 1544 1419 1602 datum:
1483 1562 1619 1601 cum
1675 1554 1869 1601 autem
1917 1544 1987 1602 ad

410 1638 880 1698 Lacedaemonios
923 1639 1280 1714 accessisset,
1325 1639 1472 1719 (qui,
1513 1640 1689 1719 legati
1719 1659 1861 1699 cum
1905 1660 1991 1700 es·

319 1740 380 1789 15
412 1735 578 1807 sent,
610 1736 669 1796 in
715 1736 846 1794 loco
890 1746 1050 1794 certo
1103 1737 1513 1815 consederant)
1558 1738 1989 1796 consurrexisse

413 1851 631 1905 omnes,
661 1843 719 1892 et
746 1851 941 1904 senem
984 1833 1145 1892 illum
1186 1852 1404 1891 sessum
1446 1829 1814 1908 recepisseX
1835 1835 1989 1896 Qui-

411 1931 520 1988 bus
547 1949 680 1987 oum
713 1950 746 1987 a
772 1940 987 1987 cuncto
1017 1949 1291 1988 consessu
1332 1930 1566 2006 plausus
1606 1940 1759 1998 esset
1799 1931 1991 1989 multi·

409 2026 544 2103 plex
570 2026 756 2098 datuS,
787 2024 1001 2083 dixisse
1027 2044 1101 2082 ex
1140 2026 1209 2083 iis
1239 2024 1563 2100 quemdam,
1593 2024 1990 2085 Athenienses

411 2122 579 2194 scire,
609 2142 734 2197 quae
762 2131 924 2178 recta
949 2131 1161 2192 essent,
1191 2120 1291 2178 sed
1322 2120 1513 2178 facere
1540 2119 1712 2179 nolle.
1798 2120 1990 2181 Multa

315 2220 377 2269 20
411 2216 471 2275 in
499 2226 701 2274 nostro
754 2216 1000 2292 collegio
1054 2216 1360 2292 praeclara:
1429 2215 1531 2272 sed
1580 2216 1715 2287 hoc,
1754 2216 1829 2273 de
1871 2236 1989 2293 quo

412 2313 653 2389 agimus,
678 2312 737 2369 in
764 2312 983 2388 primis,
1014 2312 1188 2387 quod,
1219 2322 1282 2370 ut
1307 2311 1549 2387 quisque
1565 2320 1733 2374 aetate
1756 2323 2014 2370 antece--

410 2408 514 2479 dit,
546 2407 625 2465 ita
664 2408 963 2465 sententiae
1002 2407 1392 2483 principatum
1433 2417 1624 2465 tenet:
1666 2426 1859 2484 neque
1900 2428 1988 2467 so·-

407 2505 528 2562 lum
575 2504 792 2561 honore
838 2504 1332 2575 antecedentibuS‚
1377 2502 1478 2560 sed
1527 2502 1600 2560 iis
1652 2504 1830 2561 etiam
1886 2505 1984 2579 qui

408 2621 542 2659 cum
571 2600 810 2677 imperio
839 2609 992 2671 sunt,
1022 2599 1267 2674 majores
1292 2608 1431 2656 natu
1462 2589 1709 2675 augures
1741 2610 1978 2677 antepo-

313 2710 376 2759 25
407 2708 639 2758 nuntur.
720 2696 875 2758 Quae
930 2703 1063 2751 sunt
1118 2693 1293 2769 igitur
1346 2694 1666 2770 voluptates
1721 2698 1983 2772 corporis

408 2812 541 2850 cum
573 2790 930 2850 auctoritatis
967 2789 1221 2864 praemiis
1265 2791 1716 2865 comparandae'l
1774 2793 1982 2867 quibus

409 2889 504 2964 qui
534 2887 832 2963 splendide
861 2885 949 2942 usi
978 2891 1133 2955 sunt,
1164 2883 1205 2941 ii
1233 2884 1375 2942 mihi
1417 2885 1681 2943 videntur
1725 2887 1978 2960 fabulam
