2159 3400
472 258 753 321 LAELIUS,
788 258 949 315 slve
982 259 1070 307 DE
1112 258 1427 314 melna.
1774 248 1855 308 93

155 416 293 469 mus
317 427 533 486 capere
559 407 863 489 potuisset,
892 407 943 466 si
970 407 1381 485 Lycomedem,
1407 407 1558 485 apud
1586 425 1758 484 quem

155 517 283 565 erat
329 507 641 579 educatuS,
690 505 887 563 multis
932 523 1064 564 cum
1119 504 1392 582 lacrymis
1436 505 1544 563 iter
1587 522 1757 565 suum

156 602 599 681 impedientem,
624 602 822 687 audire
843 601 1133 671 voluisset.
1218 601 1297 660 Et
1318 614 1469 681 saepe
1492 602 1758 661 incidunt

159 720 391 780 magnae
417 720 533 774 ree,
561 710 625 759 ut
653 699 1070 771 discedendum
1101 699 1178 759 sit
1220 700 1292 758 ab
1335 700 1569 772 amicis3
1613 720 1756 778 quas

159 800 261 875 qui
305 798 590 875 impedire
631 797 771 870 vult,
814 797 970 873 quod
1017 796 1368 855 desiderium
1416 816 1535 856 non
1585 798 1755 857 facile
1785 813 1818 864 5

160 896 328 969 ferat,
359 896 411 954 is
437 905 497 953 et
537 894 798 953 infirmus
833 907 940 966 est,
969 893 1274 970 mollisque
1314 894 1541 967 natura,
1570 905 1648 968 et,
1678 896 1755 953 ob

159 1013 291 1052 eam
341 992 523 1069 ipsam
567 1004 819 1063 causam,
866 990 927 1049 in
978 990 1235 1049 amicitia
1286 1010 1488 1067 parum
1545 991 1750 1068 justus.

162 1090 381 1166 Atque·
405 1089 466 1146 in
507 1088 665 1147 omni
718 1107 781 1146 re
825 1086 1309 1146 considerandum
1353 1098 1460 1160 est,
1509 1097 1568 1145 et
1614 1088 1751 1165 quid

159 1187 425 1265 postules
451 1187 523 1244 ab
553 1186 762 1260 amice,
785 1195 843 1243 et
872 1184 1011 1261 quid
1035 1184 1258 1262 patiare
1289 1203 1322 1242 a
1348 1195 1407 1242 te
1436 1184 1747 1262 impetrari.

204 1394 209 1405 ⁴
241 1380 417 1440 XXI.
498 1380 612 1449 Est,
634 1381 808 1439 etiam
838 1379 1003 1456 quasi
1045 1379 1307 1455 quaedam
1351 1377 1647 1438 calamitas
1688 1379 1750 1437 in
1783 1383 1845 1433 10

162 1478 457 1539 amicitiis
495 1477 851 1537 dimittendis
905 1494 1323 1553 nonnunquam
1388 1476 1749 1535 necessaria:

161 1575 287 1652 jam
323 1575 478 1659 enim
510 1594 543 1633 a
570 1574 915 1651 sapientium
942 1574 1427 1637 familiaritatibus
1461 1574 1531 1632 ad
1559 1574 1754 1653 vulga·

161 1691 260 1732 res
286 1671 574 1754 amicitias
601 1672 786 1738 oratio
814 1682 1013 1732 nostra
1037 1671 1340 1734 delabitur.
1424 1671 1753 1750 Erumpunt

160 1789 317 1847 saepe
348 1769 486 1830 vitia
513 1770 851 1843 amicorum,
882 1789 1016 1832 cum
1057 1771 1119 1829 in
1159 1767 1315 1849 ipsos
1357 1770 1598 1843 amicos,
1626 1780 1750 1829 tum

163 1865 224 1925 in
267 1866 520 1937 alienos3
562 1883 803 1942 quorum
846 1876 1042 1926 tamen
1085 1866 1156 1948 ad
1206 1867 1424 1925 amicos
1467 1866 1752 1924 redundet
1783 1873 1845 1922 15

163 1963 420 2024 infamia.
472 1962 682 2022 Tales
729 1962 904 2040 igitur
935 1962 1204 2021 amicitiae
1242 1973 1375 2021 sunt
1415 1963 1753 2022 remissione

163 2060 306 2119 usfis
369 2059 649 2139 eluendae,
693 2070 752 2118 et
804 2044 896 2137 (ut
953 2059 1240 2124 Catonem
1286 2059 1481 2117 dicere
1531 2059 1749 2137 audivi)

160 2156 489 2223 dissuendae
528 2156 732 2234 mag-is,
762 2175 933 2231 quam
975 2154 1405 2214 discindendae:
1449 2154 1561 2212 nisi
1603 2174 1754 2231 quae·

161 2254 299 2311 dam
343 2253 651 2311 admodum
693 2252 1073 2311 intolerabilis
1113 2251 1323 2329 injuria
1359 2251 1653 2325 exarserit,
1689 2263 1753 2310 ut

162 2369 356 2426 neque
404 2360 627 2408 rectum
674 2368 866 2425 neque
914 2349 1221 2408 honestum
1263 2349 1356 2422 sit,
1400 2368 1585 2426 neque
1625 2349 1750 2408 fieri
1782 2360 1845 2412 20

160 2447 368 2525 possit,
397 2457 462 2505 ut
488 2466 607 2505 non
633 2446 828 2505 statim
859 2445 1132 2504 alienatio
1160 2445 1586 2523 disjunctioque
1616 2446 1755 2506 faci-

162 2544 319 2603 enda
345 2545 436 2602 sit.

245 2642 355 2700 Sin
385 2651 578 2700 autem
612 2659 838 2699 morum
884 2650 982 2698 aut
1022 2639 1346 2699 studiorum
1374 2651 1751 2701 commutatio

163 2739 429 2816 quaedam
461 2735 553 2817 (ut
584 2736 710 2796 fieri
751 2737 924 2819 solet)
954 2737 1112 2796 facta
1150 2737 1279 2811 erit,
1297 2746 1409 2820 ¹aut
1437 2737 1497 2795 in
1525 2727 1745 2816 reipub·

162 2834 293 2893 licae
319 2833 580 2911 partibus
603 2832 885 2891 dissensio
915 2833 1306 2891 intercesserit
1337 2832 1566 2909 (loquor
1597 2834 1750 2892 enim
1780 2835 1843 2883 25

168 2932 311 3010 jam,
343 2941 408 2992 ut
447 2930 622 3008 paulo
653 2941 784 2989 ante
826 2929 966 3002 dixi,
994 2948 1115 2988 non
1144 2929 1216 2986 de
1254 2928 1620 3003 sapientium,
1647 2927 1751 2985 sed

165 3029 239 3088 de
281 3027 708 3101 communibus,
760 3024 1081 3104 amicitiis),
1132 3022 1451 3081 cavendum
1498 3022 1627 3093 erit,
1675 3039 1750 3079 ne
