2159 3400
530 247 804 306 LAELms,
843 247 990 295 s1vr:
1029 247 1118 293 DE
1157 246 1472 294 Amol-rm.
1806 232 1875 290 61

205 395 294 454 vel
337 394 549 473 glorifi,
589 404 653 452 ut
690 394 835 453 nihil
870 405 1072 472 posset
1114 394 1412 453 accedere.
1494 390 1787 450 Moriendi

207 502 403 551 autem
441 510 674 550 sensum
702 492 968 550 celeritas
997 491 1264 553 abstulit:
1305 508 1420 566 quo
1460 489 1533 547 de
1573 506 1786 566 genere

206 587 412 646 mortis
452 587 688 645 difficile
728 587 890 645 dictu
929 597 1053 657 est3
1112 586 1250 662 quid
1297 585 1560 643 homines
1606 584 1787 660 suspi-

209 693 435 756 centur,
459 678 680 742 videtis.
762 683 899 741 Hoc
923 694 1116 756 tamen
1147 700 1280 739 vere
1305 682 1446 740 licet
1472 682 1687 753 dicere,
1715 662 1781 739 P.

193 780 493 857 Scipioni,
541 799 615 837 ex
659 779 856 838 multis
903 780 1129 852 diebuS,
1174 797 1318 854 quos
1364 778 1425 836 in
1473 777 1591 835 vita
1633 777 1783 835 cele-
1812 787 1846 837 5

207 876 488 934 beri-imos
526 877 961 953 laetissimosque
1003 876 1229 948 viderit,
1270 875 1432 933 illum
1472 874 1625 934 diem
1667 874 1784 933 cla-

205 965 497 1030 rissimum
546 973 740 1046 fuisse,
785 992 940 1045 cum,
988 981 1193 1031 senatu
1240 971 1496 1042 dimisso,
1545 970 1780 1028 domum

204 1070 482 1128 reductus
511 1070 581 1128 ad
609 1088 907 1146 vesperum
934 1079 1041 1140 est,
1072 1087 1107 1126 a
1129 1068 1388 1144 patribus
1413 1067 1778 1143 conscripti8‚

205 1185 242 1224 a
278 1164 478 1242 populi
518 1164 775 1223 Romani
813 1164 988 1222 sociis
1028 1173 1089 1221 et
1127 1162 1370 1234 Latinis,
1395 1161 1582 1238 pridie
1608 1180 1779 1238 quam

203 1262 453 1323 excessit
480 1281 514 1320 e
541 1261 657 1319 vita
687 1282 700 1319 :
743 1271 807 1320 ut
846 1280 919 1319 ex
956 1271 1075 1319 tam
1117 1261 1235 1321 alto
1273 1259 1570 1337 dignitatis
1593 1258 1776 1337 gradu
1807 1270 1870 1320 10

204 1357 278 1429 ad
330 1376 567 1434 superos
622 1357 882 1416 videatur
933 1356 1147 1434 potius,
1194 1374 1366 1434 quam
1421 1355 1493 1413 ad
1544 1355 1778 1426 inferos,

199 1454 544 1531 pervenisse.
627 1453 836 1530 Neque
875 1453 1030 1517 enim
1072 1453 1347 1512 assentior
1388 1452 1478 1524 iis,
1515 1451 1612 1528 qui
1653 1451 1778 1509 haec

201 1569 384 1626 nuper
412 1550 692 1608 disserere
721 1559 1036 1627 coeperunt,
1067 1569 1204 1608 cum
1231 1549 1568 1625 corporibus
1607 1548 1776 1606 simul

186 1646 426 1710 ³animos
454 1646 707 1720 interire,
739 1656 908 1723 atque
936 1646 1135 1707 omnia
1158 1656 1343 1714 morte
1370 1645 1567 1705 deleri.

279 1840 386 1899 IV.
467 1840 606 1900 Plus
668 1841 817 1918 apud
884 1859 978 1898 me
1045 1839 1410 1916 antiquorum
1466 1839 1776 1898 auctoritas
1805 1854 1867 1903 15

199 1939 369 2010 valet,
398 1937 486 1994 vel
514 1947 837 1995 nostrorum
880 1936 1180 2013 majorum,
1212 1935 1337 2011 (qui
1378 1935 1618 1993 mortuis
1657 1944 1775 1992 tarn

198 2032 473 2110 religiosa
521 2033 653 2110 jura
702 2032 1061 2103 tribuerunt3
1124 2032 1278 2108 quod
1329 2049 1449 2089 non
1504 2030 1776 2088 fecissent

196 2129 480 2206 profecto,
514 2130 564 2188 si
595 2129 739 2187 nihil
779 2129 851 2187 ad
886 2148 986 2186 eos
1020 2129 1309 2206 pertinere
1336 2127 1771 2206 arbitrarentur)

198 2226 288 2283 vel
317 2244 535 2299 eorum,
563 2226 661 2302 qui
693 2226 755 2284 in
786 2226 898 2284 hac
929 2225 1085 2283 terra
1113 2225 1364 2296 fuerunt,
1393 2241 1773 2301 magnamque

196 2323 490 2381 Graeciarn
544 2323 697 2400 (quae
750 2342 909 2388 nunc
962 2322 1193 2399 quidem
1249 2321 1438 2378 deleta
1488 2330 1594 2391 est,
1650 2329 1772 2378 turn
1802 2332 1867 2383 20

198 2418 469 2498 florebat)
499 2418 776 2477 institutis
816 2428 876 2476 et
912 2416 1217 2494 praeceptis
1252 2416 1371 2474 suis
1406 2416 1771 2487 erudierunt;

197 2514 289 2573 vel
343 2514 484 2592 ejuS,
537 2515 636 2591 qui
689 2514 979 2591 Apollinis
1030 2513 1270 2572 oraculo
1322 2512 1776 2589 sapientissimus

198 2622 289 2669 est
321 2611 647 2689 judicatus:
695 2612 794 2688 qui
839 2631 957 2670 non
1006 2622 1128 2670 tum
1175 2611 1306 2682 hoc,
1343 2619 1465 2668 tum
1512 2608 1674 2679 illud,
1712 2618 1776 2666 ut

199 2708 262 2766 in
299 2708 606 2785 plerisque,
655 2709 757 2766 sed
797 2708 950 2766 idem
989 2707 1222 2766 dicebat
1262 2724 1502 2782 senwer,
1553 2700 1775 2762 animos

200 2805 501 2863 hominum
548 2824 674 2863 esse
724 2805 963 2877 divinos,
1014 2804 1215 2881 iisque,
1271 2821 1404 2861 cum
1452 2820 1486 2859 e
1532 2816 1773 2875 corpore
1801 2808 1866 2859 25

201 2900 603 2973 excessissent,
641 2900 886 2959 reditum
928 2901 989 2959 in
1030 2899 1241 2959 coelum
1278 2907 1495 2975 patere,
1532 2894 1774 2972 optimo-

198 3017 310 3076 que
338 3007 398 3056 et
419 2997 736 3076 justissimo
764 2997 972 3075 cuique
997 2994 1501 3075 expeditissimum.
