2159 3400
494 240 768 301 LAELmS,
805 242 954 289 swa
993 242 1094 297 na·
1120 214 1435 289 amoma.
1758 229 1838 290 69

160 390 546 466 disputatum,
579 389 850 449 affuisses.
929 388 1145 452 Qualis
1171 400 1294 448 tum
1324 368 1600 466 pa'tronus
1634 389 1752 467 jus-

162 487 315 545 titi-ae
347 486 453 545 suit
481 495 686 545 contra
710 495 1040 545 accuratam
1070 486 1391 545 orationem
1418 486 1601 545 Phili!

247 581 538 640 Fannius·
610 581 811 641 Facile
839 582 1157 658 id-quidem
1181 581 1308 655 fuit,
1329 582 1612 659 justitiam
1633 583 1752 662 jus-

162 679 400 737 tissimo
424 678 548 737 viro
575 678 901 737 defendere.

248 775 526 834 semota.
607 774 775 838 Quid
819 774 1185 833 amicitiam?
1225 777 1632 843 nonne-facile
1672 778 1747 852 ei,
1774 783 1807 832 5

164 873 268 950 qui
312 872 390 931 ob
432 890 559 930 eam
588 873 813 930 summa
858 872 990 945 fide,
1028 873 1378 944 constantia,
1413 874 1749 952 justitiaque

154 979 477 1044 servatam,
506 969 811 1027 maximam
841 969 1081 1047 gloriam
1112 969 1391 1046 ceperit‘t.

247 1160 421 1220 VIII.
503 1162 739 1222 Loelius.
821 1162 958 1221 Vim
999 1162 1114 1220 hoc
1154 1162 1383 1239 quidem
1412 1173 1500 1220 est
1530 1163 1747 1221 afferre.

164 1259 340 1322 Quid
362 1259 516 1317 enim
537 1260 728 1332 refert,
746 1259 860 1335 qua
880 1278 973 1317 me
994 1258 1219 1317 ratione
1240 1259 1497 1336 cogatis?
1541 1259 1750 1337 cogitis

167 1365 352 1414 certe.
436 1356 657 1413 Studiis
683 1356 836 1413 enim
865 1374 1227 1433 generorum,
1254 1356 1570 1431 praesertim
1598 1356 1658 1413 in
1683 1375 1750 1414 re
1774 1360 1837 1410 10

167 1452 349 1524 bona,
384 1470 517 1509 cum
540 1452 786 1510 difficile
826 1462 932 1525 est,
963 1462 1088 1510 tum
1127 1470 1204 1509 ne
1244 1470 1468 1529 aequum
1496 1452 1748 1528 quidem,

169 1548 471 1607 obsistere.

253 1643 582 1721 Saepissime
622 1643 796 1724 igitur
836 1645 999 1719 mihi,
1034 1645 1107 1705 de
1150 1645 1407 1705 amicitia
1446 1644 1747 1724 cogitanti,

147 1740 423 1799 ·maxime
464 1739 605 1799 illud
648 1741 1133 1800 considerandum
1169 1743 1350 1803 videri
1390 1742 1554 1814 solet,
1587 1762 1747 1815 num,

172 1847 408 1914 propter
434 1837 887 1896 imbecillitatem
924 1848 1094 1914 atque
1122 1839 1396 1916 inopiam,
1426 1839 1752 1897 desiderata
1776 1849 1839 1898 15

175 1934 251 1991 sit
293 1934 578 2005 amicitia3
634 1939 718 2007 ut,
761 1934 966 1992 dandis
1005 1933 1468 2011 recipiendisque
1508 1934 1748 2006 meritis,

176 2030 330 2105 quod
350 2029 593 2105 quisque
613 2030 804 2088 minus
828 2049 933 2107 per
959 2050 1021 2088 se
1050 2031 1174 2105 ipse
1200 2038 1414 2106 posset,
1438 2029 1496 2086 id
1527 2029 1752 2105 accipe-

174 2135 262 2184 ret
305 2127 376 2184 ab
418 2126 551 2198 alio,
582 2126 949 2202 vicissimque
987 2125 1285 2196 redderet3
1331 2145 1402 2183 an
1443 2135 1596 2182 esset
1634 2126 1746 2183 hoc

86 2265 91 2272 .
175 2221 407 2297 quidem
451 2222 746 2299 proprium
803 2222 1117 2292 amicitiae3
1182 2221 1282 2278 sed
1334 2219 1641 2297 antiquior,
1691 2230 1751 2278 et

174 2318 489 2395 pulchrior,
524 2330 582 2377 et
617 2319 803 2396 magis
844 2338 878 2377 a
915 2319 1123 2377 naturae'i⁴
1164 2318 1288 2394 ipsa
1326 2317 1608 2394 prosecta,
1640 2317 1751 2376 alia
1774 2327 1838 2378 20

176 2433 368 2473 causa.
450 2415 631 2474 Amor
672 2415 827 2473 enim
867 2414 966 2491 (ex
998 2434 1115 2491 quo
1144 2414 1399 2473 amicitia
1423 2414 1746 2496 nominata)

173 2510 444 2588 princeps
490 2522 578 2570 est
627 2511 699 2570 ad
747 2510 1208 2568 benevolentiam
1264 2511 1745 2588 conjungendam.

173 2605 235 2664 N
239 2625 329 2664 am
357 2607 634 2665 utilitates
662 2607 894 2683 quidem
922 2607 1097 2664 etiam
1138 2608 1210 2665 ab
1245 2607 1318 2665 iis
1351 2608 1749 2685 percipiuntur

175 2722 345 2778 saepe,
366 2703 465 2779 qui
492 2703 857 2762 simulatione
887 2703 1154 2761 amicitiae
1176 2704 1445 2762 coluntur
1473 2712 1531 2759 et
1558 2704 1752 2761 obser-

175 2809 377 2858 vantur
410 2800 588 2857 causa
618 2800 892 2876 temporis
917 2820 930 2857 ε
973 2800 1034 2857 in
1077 2799 1335 2857 amicitia
1366 2808 1576 2870 autem,
1601 2798 1747 2855 nihil
1774 2810 1837 2861 25

175 2895 392 2969 fictum,
422 2895 564 2954 nihil
595 2896 958 2954 simulatum:
1001 2906 1078 2968 et,
1110 2894 1387 2971 quidquid
1428 2893 1489 2950 in
1530 2893 1601 2950 ea
1640 2900 1746 2962 est,

178 2990 234 3049 id
261 3002 351 3051 est
377 3010 574 3050 verum
603 3001 662 3049 et
688 2991 1091 3050 voluntarium.
