2159 3400
317 193 394 254 78
739 207 1013 264 LAEmus,
1045 206 1193 254 slvss
1229 205 1323 282 mg
1356 203 1672 251 Amcrru.
1761 194 1768 201 ’

403 334 645 432 Ρειὶίαω
688 354 950 412 inventus
977 364 1063 412 est
1090 373 1295 431 nemo:
1350 352 1542 428 itaque
1582 361 1830 433 mortem
1870 348 1976 409 sibi

386 464 642 527 ‚uterque
669 451 966 509 conscivit.
1609 520 1613 525 ⁵

479 547 682 609 Quare
710 547 840 605 talis
869 547 1258 624 improborum
1286 543 1598 611 consensio
1640 562 1763 603 non
1806 543 1973 602 modo

402 643 773 705 excusatione
804 643 1072 707 amicitiae
1100 641 1350 720 tegenda
1375 658 1494 698 non
1519 649 1629 712 est,
1655 640 1758 698 sed
1786 639 1972 716 potius

336 754 369 803 5
401 741 559 799 omni
586 741 870 817 supplicio
898 738 1286 809 vindicanda;
1319 749 1386 796 ut
1412 756 1486 796 ne
1526 737 1658 812 quis
1698 737 1813 795 sibi
1842 754 1973 795 con-

398 857 624 896 cessum
663 839 844 915 putet,
889 835 1158 907 amicum,
1199 834 1287 891 vel
1328 833 1541 892 bellum
1583 833 1789 909 patriae
1837 832 1972 894 infe-

397 944 639 1008 rentem,
669 930 862 1010 sequii
904 931 1059 1009 quod
1095 931 1348 1006 quidem,
1395 939 1457 989 ut
1497 948 1590 987 res
1635 931 1820 1006 coepit
1869 930 1968 1001 ire,

397 1031 551 1091 haud
588 1032 734 1104 scic,
778 1050 851 1089 an
881 1027 1189 1104 aliquando
1232 1026 1488 1085 futurum
1515 1026 1607 1084 sit.
1694 1025 1852 1084 Mihi
1880 1045 1972 1084 au·

395 1138 513 1186 tem
574 1147 693 1186 non
753 1125 964 1185 minori
1017 1143 1171 1182 curae
1220 1133 1326 1195 est,
1389 1122 1574 1199 qualis
1643 1122 1970 1199 respublica

302 1235 363 1284 10
392 1234 522 1302 post
549 1235 792 1282 mortem
819 1241 1004 1281 meam
1046 1221 1239 1278 futura
1280 1219 1374 1291 sit,
1418 1237 1589 1294 quam
1636 1219 1829 1295 qualis
1874 1218 1969 1276 ho-

393 1320 487 1379 die
514 1321 605 1379 sit.

469 1509 640 1569 XIII.
685 1510 833 1568 Haec
861 1509 1036 1587 igitur
1062 1508 1248 1585 prima
1286 1507 1380 1564 lex
1421 1506 1695 1566 amicitiae
1745 1509 1970 1568 sancia-

390 1614 502 1679 tur,
556 1617 620 1664 ut
666 1608 735 1664 ab
785 1606 984 1664 amicis
1024 1606 1269 1662 honesta
1310 1614 1594 1680 petamus,
1639 1605 1966 1665 amicorum

390 1703 567 1761 causa
589 1702 832 1761 honesta
852 1702 1132 1760 faciamus
1153 1722 1165 1760 :
1195 1719 1269 1766 ne
1288 1710 1689 1775 exspectemus
1709 1703 1965 1776 quidem,

299 1811 360 1859 15
391 1800 528 1857 dum
555 1818 824 1878 rogemur
849 1819 861 1855 :
904 1798 1158 1856 studium
1186 1814 1408 1872 semper
1437 1795 1621 1867 adsit;
1666 1798 1965 1857 cunctatio

393 1895 555 1956 absit.
639 1895 963 1956 Consilium
1003 1913 1140 1952 vero
1181 1893 1317 1951 dare
1358 1890 1718 1969 gaudeamus
1749 1893 1962 1952 libere:

389 1993 698 2071 plurimum
761 1993 822 2051 in
879 1990 1135 2050 amicitia
1177 1988 1490 2047 amicorum
1531 1987 1682 2046 bene
1723 1989 1965 2049 suaden-

390 2089 534 2148 tium
562 2089 747 2149 valeat
793 2087 1145 2147 auctoritas:
1188 2102 1370 2158 eaque
1417 2091 1477 2139 et
1522 2082 1866 2143 adhibeatur
1896 2083 1963 2144 ad

390 2186 762 2257 monendum,
789 2203 909 2243 non
937 2182 1110 2240 modo
1140 2189 1352 2256 aperte,
1395 2178 1496 2237 sed
1523 2178 1704 2237 etiam
1734 2181 1960 2254 acriter,

297 2284 360 2334 20
390 2280 439 2337 si
466 2298 558 2337 res
583 2280 895 2355 postulabit
916 2300 931 2350 ;
973 2288 1031 2336 et
1055 2275 1324 2335 adhibitae
1342 2283 1628 2350 pareatur.

467 2373 622 2431 Nam
651 2375 1013 2449 quibusdam,
1038 2392 1186 2449 quos
1214 2370 1385 2429 audio
1413 2369 1703 2445 sapientes
1732 2371 1960 2432 habitos

393 2469 454 2526 in
481 2468 732 2539 Graecia,
772 2469 1058 2545 placuisse
1107 2468 1311 2544 opinor
1359 2466 1649 2525 mirabilia
1696 2469 1956 2544 quaedam

394 2561 522 2640 (sed
551 2561 692 2619 nihil
723 2573 829 2634 est,
853 2565 1005 2638 quod
1034 2564 1119 2621 illi
1145 2581 1263 2619 non
1289 2571 1702 2637 persequantur
1732 2546 1855 2623 suis
1883 2584 1961 2623 ar-

392 2656 630 2735 gutiis):
672 2658 879 2731 partim
925 2658 1227 2734 fugiendas
1254 2675 1379 2714 esse
1421 2657 1629 2715 nimias
1661 2659 1958 2732 amicitiaS,

299 2774 364 2823 25
392 2771 466 2810 ne
494 2769 732 2808 necesse
761 2751 835 2807 sit
862 2770 1040 2808 unum
1067 2749 1378 2808 sollicitum
1401 2771 1528 2810 esse
1547 2772 1651 2829 pro
1670 2754 1957 2830 pluribus:

394 2845 533 2904 satis
560 2863 841 2921 superque
869 2864 995 2902 esse
1023 2861 1258 2903 suarum
1299 2846 1507 2921 cuique
1553 2867 1748 2907 rerum
1776 2871 1789 2909 :
1835 2852 1952 2909 alie·

394 2941 486 2999 nis
511 2940 684 2998 nimis
710 2939 993 3018 implicari
1033 2938 1337 2998 molestum
1366 2959 1526 3002 esse:
1570 2947 1961 3006 commodissi-

1226 3185 1252 3216 Ο
