2159 3400
506 180 784 241 Limane,
821 180 970 228 sm:
1011 180 1099 227 m:
1142 180 1458 228 amoma.
1777 173 1858 231 ω.

178 329 531 389 moderate:
589 348 702 388 neo
752 329 1010 406 potuisse
1061 348 1180 387 non
1236 327 1601 401 oonnnoveri,
1649 346 1762 388 neo

178 426 360 485 fuisse
389 426 451 483 id
480 425 853 484 humanitatis
873 435 1020 483 tuae:
1055 425 1212 502 quod
1234 435 1425 483 antem
1453 425 1543 483 his
1568 422 1762 483 Nonis

177 522 243 580 in
261 532 468 580 nostro
491 521 739 599 collegio
765 540 885 579 non
915 521 1193 594 affuisses,
1215 522 1601 581 valetudinem
1627 541 1763 581 oau-

178 638 325 692 sam,
354 638 476 677 non
503 619 854 691 moestitiam,
883 619 1076 677 fuisse.

266 716 502 775 Loelius.
584 715 779 773 Recte
817 725 880 774 tu
919 714 1173 792 quidem,
1203 715 1483 789 Soaevola,
1512 726 1571 775 et
1607 734 1757 775 vere.
1790 723 1826 773 5

177 811 315 872 Neo
347 814 508 871 enim
551 814 623 871 ab
665 814 776 871 isto
816 813 1028 886 officie,
1058 815 1212 890 quod
1240 830 1465 891 semper
1492 815 1760 891 usurpavi

178 929 316 968 oum
363 910 635 983 valerem,
686 909 896 968 abduci
949 910 1319 969 incommodo
1364 929 1497 968 meo
1544 911 1759 981 debui;

176 1025 292 1065 nee
346 1006 473 1065 ullo
522 1026 665 1066 casu
717 1006 957 1065 arbitror
1011 1007 1126 1065 hoc.
1187 1008 1479 1067 constanti
1536 1008 1758 1066 homini

173 1122 359 1180 posse,
379 1103 738 1181 eomingere,
776 1114 841 1161 ut
880 1102 1001 1162 ulla
1038 1103 1390 1162 intermissio
1425 1103 1525 1162 fiat
1559 1104 1754 1183 officii.
1791 1152 1798 1163 .

174 1198 278 1257 Tu
322 1209 536 1272 autem,
565 1199 774 1273 Fanni,
802 1200 902 1277 qui
942 1199 1081 1257 mihi
1120 1210 1342 1258 tantum
1371 1200 1549 1261 tribui
1581 1199 1756 1272 dicis,
1790 1205 1852 1256 10

173 1305 459 1373 quantum
509 1314 623 1374 ego
649 1315 786 1363 *neo
841 1314 1097 1374 agnosco
1150 1316 1266 1354 nee
1313 1294 1564 1374 postulo,
1614 1296 1759 1355 facis

178 1392 402 1450 amice:
444 1380 567 1465 sed,
591 1402 656 1450 ut
683 1393 824 1451 mihi
853 1392 1084 1466 videris,
1104 1412 1221 1453 non
1249 1402 1407 1452 reete
1428 1393 1657 1470 judicas
1685 1393 1758 1451 de

175 1489 444 1548 Catone:
496 1500 593 1548 aut
637 1490 796 1548 enim
842 1509 1016 1549 nemo
1065 1490 1248 1569 (quod
1294 1490 1526 1568 quidem
1573 1490 1760 1568 magis

175 1587 407 1665 credo),
439 1596 556 1660 aut,
585 1587 635 1645 si
663 1587 985 1664 quisquam,
1008 1588 1107 1649 ille
1133 1588 1361 1665 sapiens
1390 1588 1514 1646 fuit.
1595 1587 1759 1650 Quo-

174 1683 352 1742 modo
393 1683 549 1742 enim
580 1683 674 1763 (ut
701 1684 815 1742 alia
840 1685 1130 1767 omittam)
1159 1695 1400 1744 mortem
1440 1685 1543 1744 filii
1580 1685 1756 1744 tulit'l
1788 1693 1850 1743 15

175 1779 563 1839 Meminerant
605 1781 851 1840 Paulum
873 1802 888 1853 3
938 1782 1193 1840 videram
1233 1782 1503 1840 Gallum:
1552 1782 1655 1840 sed
1696 1782 1757 1840 hi

176 1877 236 1935 in
288 1878 528 1954 pueris;
584 1877 737 1938 Cato
785 1877 845 1935 in
897 1878 1158 1955 perfeeto
1206 1889 1265 1937 et
1310 1888 1569 1954 spectato
1614 1878 1754 1935 viro,

170 1972 578 2036 Quamobrem
626 1993 767 2032 eave
814 1973 1028 2032 Catoni
1078 1985 1412 2050 anteponas,
1460 1992 1536 2031 ne
1583 1973 1757 2031 istum

172 2071 412 2146 quidem
452 2070 659 2146 ipsum,
690 2090 860 2147 quem
902 2070 1118 2146 Apollo
1148 2070 1240 2147 (ut
1267 2070 1378 2149 ais)
1409 2069 1758 2145 sapientissi-

169 2187 334 2225 mum
371 2167 666 2244 judicavit.
749 2168 942 2245 Hujus
982 2168 1138 2225 enim
1181 2167 1351 2239 faeta,
1381 2166 1535 2224 illius
1575 2166 1751 2240 diota,
1783 2182 1849 2234 20

168 2264 499 2323 laudantur.
580 2264 673 2322 De
714 2283 807 2322 me
849 2274 1041 2322 autem
1072 2262 1166 2342 (ut
1198 2264 1318 2342 jam
1350 2282 1484 2321 oum
1513 2271 1754 2342 utroque

167 2361 403 2441 loquar)
434 2360 521 2419 sie
548 2361 836 2419 habetote.

248 2553 363 2612 ΙΙΙ.
448 2553 599 2631 Ego,
641 2554 691 2612 si
733 2555 1026 2632 Scipionis
1066 2554 1356 2613 desiderio
1402 2573 1495 2613 me
1535 2561 1753 2614 moveri

169 2670 403 2729 negem,
427 2670 598 2726 quam
626 2651 685 2709 id
712 2662 872 2710 reete
900 2652 1131 2724 faciam,
1160 2652 1406 2710 viderint
1431 2652 1748 2727 sapientes:

169 2747 274 2806 :sed
324 2757 482 2805 oerte
531 2747 792 2806 mentiar.
894 2746 1140 2806 Moveor
1184 2749 1361 2820 enim,
1409 2747 1512 2805 tali
1561 2748 1750 2806 amieo
1781 2753 1844 2802 25

169 2843 429 2915 orbatus,
467 2842 673 2917 qualia,
712 2852 776 2900 ut
809 2843 1072 2917 arbitror,
1101 2862 1274 2901 nemo
1313 2861 1566 2917 unquam
1605 2842 1745 2911 erit5

169 2948 248 3013 et,
279 2949 342 2998 ut
371 2939 716 3000 confirmare
753 2958 1009 3016 possum,
1036 2958 1210 2998 nemo
1236 2947 1394 2998 certe
1422 2936 1546 2994 fiiit.
1628 2933 1747 2994 Sed
