2159 3400
676 316 682 322 ,
744 263 833 315 DE
862 262 1270 319 suanorum.
1806 258 1873 320 31

215 403 285 468 P.
326 404 537 495 Decio,
564 408 687 486 qui,
712 410 1106 488 quinquennio
1145 423 1278 473 ante
1312 433 1447 473 eum
1473 414 1787 489 consulem,

215 521 284 564 se
318 523 427 582 pro
478 506 796 583 republics,
835 519 1039 585 quarto
1093 510 1416 584 consulatu,
1465 511 1785 573 devoverat.

215 599 410 660 Norat
465 602 711 662 eundem
752 600 1091 676 Fabricius3
1133 605 1302 665 norat
1347 606 1785 680 Coruncanius3

216 697 338 774 qui,
367 716 501 757 cum
527 718 600 757 ex
624 700 731 761 sua
758 700 895 778 vita,
924 711 1047 760 tum
1076 720 1150 760 ex
1174 702 1319 780 ejus,
1335 722 1507 780 quem
1535 704 1689 778 dim,
1718 704 1784 764 P.

214 793 390 853 Decii
438 795 613 869 facto,
668 796 1025 874 judicabant,
1075 816 1202 856 esse
1251 799 1515 876 profecto
1571 800 1786 877 aliquid
1817 811 1850 860 5

211 892 423 950 natura
473 893 780 969 pulchrum
834 904 1002 975 atque
1052 896 1414 972 praeclarum,
1468 897 1624 972 quod
1677 899 1785 957 sua

211 996 420 1065 sponte
458 999 767 1065 peteretur,
816 991 1101 1068 quodque,
1150 992 1341 1069 spreta
1367 1002 1427 1050 et
1453 994 1785 1070 contempta

210 1084 525 1161 voluptate,
553 1086 803 1163 optimus
832 1087 1071 1163 quisque
1100 1097 1453 1163 sequeretur.

289 1179 589 1244 Quorsum
630 1183 804 1262 igitur
831 1193 948 1242 tam
987 1183 1176 1250 multa
1194 1182 1267 1240 de
1294 1183 1623 1260 voluptate?
1651 1184 1786 1261 quia

209 1294 333 1336 non
375 1278 548 1338 modo
590 1279 932 1357 vituperatio
978 1278 1157 1352 nulla,
1201 1279 1304 1337 sed
1346 1279 1520 1338 etiam
1562 1299 1787 1341 summa
1816 1285 1879 1335 lo

206 1374 339 1434 laus
384 1376 700 1459 senectutis
746 1386 854 1449 est,
902 1376 1056 1454 quod
1109 1396 1181 1435 ea
1225 1377 1543 1453 voluptates
1596 1377 1785 1436 nullas

209 1482 560 1549 magnopere
604 1471 905 1531 desiderat.
990 1472 1169 1531 Caret
1209 1472 1415 1550 epulis,
1457 1473 1785 1532 exstructis·
1820 1512 1834 1520 -

207 1585 322 1644 que
363 1567 594 1641 mensis,
623 1578 681 1626 et
710 1569 1102 1646 frequentibus
1140 1569 1406 1646 poculis?
1448 1579 1605 1628 caret
1643 1589 1783 1648 ergo

207 1662 387 1724 etiam
452 1665 786 1739 vinolentia,
845 1676 900 1724 et
969 1666 1274 1740 cruditate,
1336 1676 1395 1725 et
1462 1665 1779 1726 insomniis,

210 1760 352 1834 Sed,
393 1761 443 1819 si
485 1762 697 1838 aliquid
738 1762 990 1821 dandum
1031 1774 1121 1822 est
1172 1764 1467 1840 voluptati,
1509 1763 1779 1840 quoniam
1812 1764 1875 1814 15

206 1858 333 1936 ejus
399 1859 693 1917 blanditiis
745 1878 862 1917 non
925 1859 1102 1919 facile
1153 1860 1503 1931 obsistimuS,
1560 1857 1781 1937 (divine

205 1955 366 2013 enim
392 1953 559 2013 Plato
587 1973 779 2014 escam
808 1957 1088 2013 malorum
1118 1955 1467 2032 voluptatem
1510 1955 1778 2030 appellat,

206 2051 362 2128 quod
403 2051 474 2110 ea
513 2052 782 2112 videlicet
835 2051 1100 2111 homiues
1141 2052 1460 2127 capiantur,
1504 2060 1567 2108 ut
1607 2050 1780 2108 hamo

204 2147 425 2228 pisces)
480 2167 805 2225 quanquam
873 2146 1268 2208 immoderatis
1336 2147 1519 2223 epulis
1586 2156 1779 2205 careat

203 2254 497 2317 senectae,
564 2244 811 2302 modicis
876 2253 1070 2302 tamen
1144 2242 1425 2301 conviviis
1503 2242 1777 2300 delectari
1809 2251 1873 2304 20

202 2350 411 2418 potest.
493 2341 562 2400 C.
587 2340 889 2413 Duillium,
918 2339 1002 2401 M.
1033 2340 1216 2398 filium
1231 2338 1330 2416 qui
1356 2338 1568 2398 Poenos
1595 2339 1779 2398 classe

200 2437 424 2515 primus
450 2437 757 2510 devicerat,
785 2437 1121 2495 redeuntem
1150 2455 1184 2494 a
1211 2434 1378 2494 coena
1405 2454 1602 2496 senem
1629 2454 1779 2513 saepe

201 2532 468 2592 videbam
519 2554 694 2612 puer;
751 2533 1146 2591 delectabatur
1201 2533 1407 2591 crebro
1463 2533 1665 2605 funali,
1720 2543 1782 2590 et

199 2629 464 2703 tibicine,
542 2651 668 2708 quae
745 2629 876 2702 sibi,
953 2629 1115 2687 nullo
1180 2628 1457 2705 exemplo,
1524 2629 1778 2705 privatus

197 2737 558 2803 sumpserat:
600 2737 827 2786 tantum
854 2726 1109 2785 licentias
1137 2724 1311 2785 dabat
1337 2719 1540 2803 gloria.
1805 2731 1870 2781 25

280 2824 399 2882 Sed
428 2824 566 2900 quid
593 2843 704 2902 ego
732 2824 914 2882 alios?
957 2822 1030 2880 ad
1055 2822 1338 2899 meipsum
1361 2820 1479 2898 jam
1508 2830 1773 2877 revertar.

195 2921 459 2980 Primum
479 2920 656 2979 habui
678 2939 900 2998 semper
921 2919 1180 2977 sodales:
1210 2916 1540 2975 sodalitates
1564 2925 1773 2983 autem,
1863 2918 1870 2924 '

196 3037 292 3078 me
358 3028 663 3096 quaestore,
725 3015 1053 3076 constitutas
1121 3022 1274 3085 sunt,
1342 3009 1524 3067 sacris
1600 3004 1773 3064 Idaeis
