2159 3400
0 3178 41 3271 Ρ

0 3361 37 3389 h

514 232 792 293 LAELmS,
826 234 975 280 slve
1014 207 1108 283 DE'
1144 234 1458 282 Afflcrru.
1781 224 1864 283 67

182 381 320 441 loeo
340 381 696 455 excluditu13
730 400 1025 460 nunquam
1045 384 1465 463 intempestiva,
1479 402 1773 461 nunquam

184 479 436 537 molesta
454 489 557 538 est.
613 479 817 555 Itaque
837 500 955 540 non
978 482 1145 557 aqui,
1160 500 1278 539 non
1302 481 1424 558 igni
1449 481 1540 556 (ut
1563 481 1772 561 aiunt),

185 575 452 652 pluribus
471 575 618 633 loeis
640 577 872 650 utimur,
898 594 1069 653 quam
1093 577 1364 635 amicitia.
1433 576 1646 653 Neque
1666 596 1776 655 ego

185 690 349 730 nune
376 672 450 731 de
478 672 700 749 vulgari
723 683 819 731 aut
846 673 919 734 de
948 673 1226 731 mediocri
1257 672 1412 751 (quae
1432 685 1627 733 tamen
1651 674 1777 751 ipsa

187 776 249 824 et
281 766 534 829 delectat
571 777 629 826 et
663 756 948 847 prodest),
978 768 1080 827 sed
1118 766 1364 826 delyerae‘i
1400 779 1459 826 et
1492 769 1772 845 perfecti,
1800 777 1834 826 5

187 863 415 941 lo'quot,
445 864 630 939 qualis
656 883 876 937 eorum,
906 865 1005 940 qui
1030 865 1205 942 pauci
1230 866 1621 937 nominantur,
1649 865 1771 925 fuit.

189 960 350 1018 Nam
378 970 437 1017 et
465 961 750 1019 secundas
777 980 870 1018 res
897 962 1317 1038 splendidiores
1337 962 1477 1020 facit
1500 963 1774 1036 amicitia,

190 1068 250 1115 et
280 1058 565 1130 adversa,
591 1058 846 1134 partiens
875 1058 1444 1134 communicansque,
1472 1058 1748 1116 leviores.⁴

220 1300 225 1307 .
270 1248 408 1309 VII.
491 1249 756 1326 Cumque
773 1250 1051 1331 plurimas
1079 1261 1138 1309 et
1164 1249 1778 1308 maximaseommodi-

190 1346 622 1423 tatesamioitia
642 1347 958 1420 contineat,
982 1356 1106 1405 tum
1126 1347 1227 1404 illa
1251 1347 1523 1405 nimirum
1543 1355 1776 1422 praestat
1806 1355 1866 1404 10

192 1443 484 1514 omnibus,
518 1443 672 1519 quod
707 1444 859 1502 bona
895 1463 996 1520 spe
1031 1444 1308 1519 praelueet
1345 1443 1405 1505 in
1439 1453 1772 1520 posterum3

191 1559 308 1599 neo
349 1539 636 1598 debilitari
679 1540 919 1613 animos,
964 1550 1061 1599 aut
1103 1541 1310 1600 eadere
1348 1541 1579 1617 patitur.
1636 1540 1779 1597 *Ve-

192 1655 326 1695 rum
352 1636 526 1693 etiam
556 1636 803 1720 amicum
845 1637 944 1713 qui
987 1637 1259 1711 intuetur,
1288 1647 1561 1714 tanquam
1590 1656 1779 1694 exem-

191 1733 319 1810 plar
349 1716 574 1810 aliquiod
608 1734 860 1792 intuetur
895 1734 998 1792 sui.
1080 1734 1386 1797 Quocirca
1418 1745 1476 1792 et
1510 1735 1776 1792 absentes

195 1827 422 1901 adsunt,
442 1839 503 1886 et
532 1839 770 1906 egentes
798 1830 1111 1903 abundant,
1133 1840 1193 1887 et
1221 1830 1540 1888 imbecilles
1562 1830 1773 1901 valent,
1807 1836 1868 1885 15

195 1935 256 1982 et
304 1923 487 2002 (quod
540 1925 832 1984 difficilius
885 1925 1048 1986 dictu
1103 1927 1218 2006 est)
1275 1926 1484 1983 mortui
1538 1925 1773 1982 vivunt:

195 2031 391 2086 tantus
412 2039 519 2079 eos
547 2022 751 2094 honos,
783 2023 1078 2093 memoria,
1109 2021 1456 2079 desiderium
1484 2020 1779 2096 prosequi·

172 2125 289 2205 xtur
313 2119 659 2176 amicorum:
681 2138 755 2177 ex
773 2138 889 2193 quo
911 2118 1138 2176 illorum
1160 2119 1330 2175 beata
1351 2136 1501 2174 mors
1521 2116 1773 2186 videtur;

197 2215 404 2273 horum
433 2215 551 2273 vita
579 2214 901 2273 laudabilis.
982 2213 1167 2276 Quod
1194 2212 1243 2271 si
1271 2211 1551 2271 exemeris
1579 2230 1652 2269 ex
1677 2231 1778 2271 na·
1860 2266 1863 2269 ,

195 2311 328 2370 tur&
373 2330 563 2370 rerum
618 2310 1030 2369 benevolentiae
1087 2309 1557 2386 conjunctionem
1587 2329 1606 2380 ;·
1663 2327 1776 2368 nee
1806 2315 1870 2366 20
1931 2297 1939 2307 ’

195 2407 404 2465 domus
442 2407 561 2465 ulla
597 2426 711 2483 neo
751 2408 888 2465 urbs
928 2416 1079 2465 stare
1111 2406 1359 2482 poterit:
1400 2425 1477 2463 ne
1506 2406 1629 2483 agri
1655 2406 1780 2483 qui-

194 2503 330 2561 dem
360 2504 549 2562 cultus
573 2503 948 2579 permanebit.
1017 2493 1088 2559 Id
1117 2502 1167 2559 si
1194 2499 1774 2580 minusintelligitu13

193 2610 412 2677 quanta
436 2600 523 2657 vis
553 2599 820 2658 amicitiae
848 2599 1293 2674 eoncordizeque
1330 2599 1423 2671 sit,
1452 2618 1526 2656 ex
1560 2599 1779 2657 dissen-

193 2696 457 2754 sionibus
499 2706 668 2771 atque
710 2694 1014 2754 discordiis
1053 2695 1274 2771 percipi
1312 2705 1519 2771 potest.
1619 2693 1776 2757 Quae

193 2791 350 2850 enim
380 2791 587 2849 domus
622 2801 740 2849 tam
778 2790 1018 2863 stabilis,
1047 2810 1173 2866 quae
1214 2800 1331 2848 tam
1371 2790 1536 2848 firma
1574 2789 1776 2846 civitas
1806 2796 1870 2848 25

194 2897 303 2960 est,
333 2907 461 2963 quae
496 2906 616 2944 non
654 2886 802 2944 odiis
837 2896 1004 2962 atque
1032 2885 1286 2945 dissidiis
1313 2886 1571 2943 funditus
1596 2883 1777 2958 possit

192 2984 418 3043 everti?
465 3002 540 3041 ex
585 2977 720 3058 qno,
765 2992 1042 3058 quantum
1090 2981 1228 3039 boni
1275 2980 1350 3037 sit
1391 2979 1451 3036 in
1498 2974 1773 3047 amicitia,

188 3079 447 3160 judicari
468 3088 686 3157 potest.
