2159 3400
289 186 411 285 θῇ
448 178 539 284 Ξ-’ἷ
572 176 649 282 jj]
678 176 853 283 :5³3
882 171 1348 278 Qsso‘lsubss,
1394 211 1524 259 scu

399 362 556 420 enim
584 379 781 435 onere,
811 361 965 438 quod
991 361 1137 421 mihi
1162 371 1360 420 tecum
1386 378 1711 420 commune
1752 373 1863 438 est,
1891 374 1992 421 mt

408 459 529 536 jam
570 458 851 535 urgentis,
897 467 994 517 aut
1036 467 1196 516 certe
1238 456 1599 516 adventantis
1641 459 1993 530 senectutis,

399 565 459 611 et
486 565 562 626 te,
592 564 652 612 et
677 553 959 631 meipsum
982 553 1166 612 levari
1193 553 1361 612 volo:
1403 552 1512 611 etsi
1549 563 1612 617 te
1641 555 1891 630 quidem
1927 555 1996 612 id

400 649 631 708 modice
668 668 736 708 ac
772 650 1077 727 sapienter,
1110 649 1292 728 (sicut
1327 649 1572 730 omnia‚)
1616 660 1680 708 et
1723 652 1905 726 ferre,
1930 661 1994 708 et

340 752 374 800 5
401 746 649 804 laturum
703 765 850 818 esse,
908 756 1070 805 certo
1109 746 1252 807 noio.
1297 744 1455 805 'Sed
1492 745 1662 820 mihi,
1714 767 1862 806 cum
1918 747 1993 805 de

401 844 716 901 Senectute
746 841 960 918 aliquid
987 842 1192 901 vellem
1228 842 1502 915 scribere,
1532 853 1595 900 tu
1624 845 1990 903 occurrebas

400 939 610 1018 dignus
650 958 721 998 eo
762 957 1019 1012 munere,
1063 956 1181 1015 quo
1224 949 1467 1014 uterque
1514 940 1786 998 nosti-iim
1828 959 1989 1000 com-

401 1036 651 1095 muniter
704 1046 975 1095 uteretur.
1030 1058 1049 1093 x
1086 1034 1239 1094 Mihi
1291 1034 1526 1112 quidem
1580 1034 1665 1094 ita
1712 1036 1990 1114 jucunda

402 1133 572 1211 hujus
610 1133 741 1192 libri
782 1131 1076 1192 confectio
1117 1131 1242 1205 fuit,
1286 1141 1350 1190 ut
1394 1150 1513 1190 non
1554 1132 1754 1190 modo·
1776 1152 1989 1192 omnoe

313 1242 373 1293 10
405 1230 733 1289 absterserit
797 1227 1113 1287 senectutis
1177 1227 1489 1301 molestias,
1544 1228 1647 1286 sed
1715 1230 1990 1288 effecerit

403 1327 635 1385 mollem
676 1326 850 1383 etiam
891 1335 950 1384 et
983 1323 1302 1402 jucundam
1342 1334 1752 1383 senectutem»
1814 1326 1988 1384 Nun-

401 1441 573 1498 quam
613 1421 789 1499 igitur
829 1421 967 1480 satis
1005 1419 1227 1479 laudari
1259 1420 1435 1498 digne
1469 1420 1683 1498 poterit
1722 1421 1988 1497 philoso-

399 1517 556 1596 phia,
601 1517 697 1576 cui
741 1517 839 1594 qui
876 1527 1095 1594 pareat,
1136 1534 1308 1575 omne
1350 1527 1578 1593 tempus
1620 1518 1811 1576 aetatis
1857 1520 1989 1578 sine

401 1613 666 1692 molestia
691 1616 871 1689 possit
909 1611 1137 1693 degere.
1221 1612 1339 1671 Sed
1376 1612 1449 1671 de
1477 1613 1703 1672 caeteris
1744 1624 1804 1672 et
1837 1615 1987 1673 dixi-

313 1722 374 1771 15
403 1731 531 1770 mus
569 1711 768 1783 multa,
809 1721 869 1770 et
908 1730 1059 1788 saepe
1099 1711 1398 1770 dicemus:
1445 1711 1605 1769 hunc
1643 1711 1867 1770 librum
1911 1713 1987 1770 de

403 1817 700 1866 senectute
743 1808 814 1865 ad
853 1817 912 1865 te
952 1807 1228 1866 misimus,

478 1903 731 1962 Omnem
800 1913 990 1961 autem
1065 1922 1390 1964 sermonem
1469 1903 1780 1963 tribuimus
1857 1925 1979 1964 non

400 2001 683 2074 Tithono,
746 2010 810 2058 ut
869 1999 1069 2059 Aristo
1131 1998 1335 2072 Chius,
1392 1998 1496 2077 (ne
1554 2019 1757 2076 parum
1821 2013 1979 2060 esset

403 2097 760 2158 auctoritatis
815 2096 875 2154 in
933 2096 1176 2176 fabula),
1254 2095 1353 2153 sed
1411 2094 1494 2154 M.
1552 2095 1766 2155 Catoni
1824 2098 1973 2171 seni,

307 2211 371 2261 ρο
401 2212 516 2269 quo
555 2194 831 2271 majorem
860 2191 1260 2251 auctoritatem
1287 2191 1526 2249 haberet
1553 2190 1772 2264 oratio;
1822 2194 1973 2270 apud

399 2308 569 2365 quem
597 2288 840 2347 Laelium
867 2298 927 2347 et
954 2287 1290 2365 Scipionem
1328 2287 1571 2345 facimus
1601 2288 1967 2363 admirante8‚

398 2385 553 2461 quod
594 2384 644 2442 is
676 2395 793 2442 tam
833 2384 1005 2444 facile
1032 2395 1391 2443 senectutem
1427 2384 1591 2457 ferat,
1621 2384 1809 2461 iisque
1838 2406 1968 2444 eum
2027 2381 2038 2392 “

395 2475 854 2558 respondentem.
933 2478 1061 2542 Qui
1109 2480 1159 2538 si
1204 2479 1485 2538 eruditius
1532 2480 1821 2539 videbitur
1861 2481 1972 2540 dis-

394 2587 618 2656 putare,
655 2593 830 2652 quam
857 2575 1158 2635 consuevit
1185 2577 1309 2653 ipse
1340 2576 1402 2634 in
1442 2576 1562 2634 suis
1593 2573 1778 2651 libris,
1818 2578 1967 2636 attri-

302 2691 370 2742 25
397 2675 561 2733 buito
586 2672 811 2732 Groecis
835 2671 1038 2744 literiS,
1068 2689 1309 2747 quarum
1337 2683 1565 2732 constat
1592 2693 1725 2732 eum
1751 2687 1963 2752 perstu-

395 2767 625 2829 diosum
665 2766 842 2825 fuisse
869 2766 931 2824 in
971 2777 1287 2826 senectute.
1371 2767 1490 2825 Sed
1530 2769 1670 2844 quid
1710 2785 1855 2846 opus
1880 2780 1962 2829 eff

393 2865 600 2944 plura&
637 2862 756 2938 jam
783 2860 940 2918 enim
967 2860 1149 2936 ipsius
1175 2861 1418 2920 Catonis
1444 2879 1635 2923 sermo
1660 2865 1956 2942 explicabit

397 2969 656 3020 nostram
683 2971 915 3013 omnem
942 2954 1016 3011 de
1044 2964 1344 3012 senectute
1371 2959 1732 3030 sententiam.
