2159 3400
709 222 796 269 DE
835 222 1241 271 sensorum.
1787 211 1869 273 53

182 370 427 448 quidem
458 389 552 427 me
576 370 1041 447 proficiscentem
1069 370 1225 430 haud
1265 389 1405 429 sane
1443 370 1573 446 quis
1600 370 1773 431 facile

184 467 521 543 retraxerit,
575 486 782 544 neque,
838 477 1112 544 tanquam
1169 468 1411 541 Peliam,
1464 467 1771 529 recoxerit.

184 563 379 645 Quod
421 564 472 621 si
520 564 652 640 quis
695 564 858 623 Deus
913 565 1055 623 mihi
1097 564 1393 642 largiatur,
1423 574 1487 622 ut
1539 583 1612 622 ex
1662 564 1775 622 hac

188 671 363 719 aetate
390 679 814 737 repuerascam,
843 670 902 718 et
919 660 980 719 in
1008 661 1176 720 cunis
1202 662 1449 739 vagiam,
1477 660 1644 720 valde
1689 679 1776 718 re·

190 775 429 815 cusem:
473 776 585 814 nec
612 776 748 815 vero
775 757 966 830 velim,
995 758 1159 835 quasi
1187 757 1434 817 decurso
1461 757 1667 834 spatie,
1700 757 1773 816 ad
1801 765 1837 815 5

140 920 145 925 ,
190 870 463 915 carceres
493 873 527 911 a
553 854 715 911 calce
743 854 1017 913 revocari.

271 949 442 1013 Quid
470 950 623 1007 enim
652 950 826 1008 habet
852 951 968 1009 vita
994 950 1321 1010 commodi?
1362 950 1500 1025 quid
1528 969 1647 1008 non
1674 968 1776 1026 po-

191 1045 314 1106 tius
366 1046 617 1105 laboris?
714 1047 833 1107 Sed
886 1047 1097 1105 habeat
1148 1065 1321 1104 sane:
1389 1046 1563 1127 habet
1616 1057 1774 1104 certe

193 1153 393 1202 tamen
439 1153 537 1201 aut
582 1143 926 1216 satietatem,
973 1153 1071 1201 aut
1110 1143 1361 1202 modum.
1443 1141 1585 1200 Non
1611 1143 1774 1200 lubet

194 1239 355 1299 enim
398 1239 541 1297 mihi
594 1240 888 1315 deplorare
935 1240 1137 1312 vitam,
1181 1238 1336 1316 quod
1384 1238 1570 1311 multi,
1618 1247 1677 1296 et
1731 1237 1773 1296 ii
1803 1248 1867 1299 10

194 1335 377 1407 docti,
407 1332 559 1412 saepe
586 1336 866 1394 fecerunt.
947 1335 1160 1412 Neque
1202 1355 1296 1394 me
1337 1335 1546 1393 vixisse
1589 1334 1773 1412 poeni-

194 1442 313 1502 tet3
356 1433 627 1508 quoniam
656 1433 737 1490 ita
762 1433 898 1505 vixi,
929 1443 993 1491 ut
1033 1452 1153 1492 non
1193 1433 1403 1492 frustra
1441 1451 1534 1490 me
1574 1441 1776 1491 natum

196 1528 555 1587 existimem:
598 1538 657 1586 et
696 1547 768 1586 ex
806 1529 924 1586 vitz‘i
965 1528 1048 1587 ita
1090 1529 1348 1602 disced0,
1391 1540 1661 1606 tanquam
1705 1546 1778 1587 ex

197 1624 473 1702 hospitiO,
503 1644 622 1683 non
662 1634 930 1702 tanquam
974 1644 1046 1683 ex
1086 1625 1278 1684 domo,
1360 1624 1777 1684 commorandi

198 1722 358 1780 enim
405 1732 612 1780 natura
651 1722 1027 1780 diversorium
1075 1724 1264 1795 nobis,
1312 1741 1430 1780 non
1479 1722 1776 1782 habitandi
1807 1738 1869 1787 15

198 1818 416 1890 locum,
446 1818 621 1876 dedit.
702 1817 760 1875 Ο
785 1819 1124 1895 praeclarum
1152 1819 1326 1892 diem,
1355 1835 1488 1877 cum
1520 1819 1591 1876 ad
1633 1818 1776 1876 illud

201 1913 459 1971 divinum
510 1914 828 1974 animorum
879 1915 1195 1974 concilium
1243 1926 1569 1989 coetumque
1609 1914 1778 1989 profi-

200 2010 412 2082 ciscar,
443 2029 689 2086 cumque
716 2029 787 2067 ex
814 2012 926 2069 hac
954 2012 1123 2070 turba
1151 2021 1210 2069 et
1237 2010 1564 2070 colluvione
1591 2010 1779 2069 disce-

201 2106 372 2165 dam!
455 2106 798 2166 Proficiscar
827 2107 1000 2179 enim,
1030 2127 1150 2165 non
1180 2106 1252 2165 ad
1280 2126 1381 2164 eos
1401 2106 1586 2164 solum
1603 2105 1777 2178 vitoe,

203 2202 276 2260 de
302 2203 510 2279 quibus
540 2213 670 2261 ante
700 2203 838 2276 dixi,
868 2205 970 2261 sed
997 2203 1173 2261 etiam
1216 2203 1285 2261 ad
1328 2202 1615 2262 Catonem
1657 2221 1776 2260 me-
1807 2209 1872 2259 20

100 2361 107 2367 ,
204 2318 322 2371 um,
348 2318 466 2375 quo
494 2318 668 2358 nemo
698 2299 782 2357 vir
808 2299 1012 2357 melior
1039 2310 1210 2357 natus
1238 2310 1345 2371 est,
1375 2318 1547 2356 nemo
1565 2299 1780 2375 pietate

202 2396 599 2474 praestantior:
644 2397 809 2474 cujus
838 2416 873 2454 a
911 2416 1004 2454 me
1046 2416 1258 2473 corpus
1299 2407 1616 2454 crematum
1658 2407 1780 2467 est;

205 2493 359 2569 quod
386 2503 590 2551 contra
616 2493 814 2551 decuit
843 2494 914 2550 ab
942 2493 1043 2550 illo
1062 2512 1271 2552 meum.
1353 2493 1605 2551 Animus
1622 2512 1780 2565 vere,

205 2608 324 2647 non
356 2607 450 2646 me
479 2588 770 2662 deserens,
800 2589 902 2646 sed
931 2599 1285 2665 respectans»,
1315 2590 1375 2648 in
1417 2609 1488 2648 ea
1523 2589 1785 2665 profecto

204 2687 340 2745 loca
366 2685 654 2758 discessit,
683 2705 795 2762 quo
822 2685 965 2744 mihi
983 2685 1094 2761 ipsi
1112 2687 1386 2744 cernebat
1407 2704 1532 2742 esse
1554 2686 1785 2742 venien·
1812 2687 1876 2737 25

207 2781 363 2840 dum.
443 2781 646 2844 Quem
691 2801 803 2859 ego
856 2801 1049 2842 meum
1104 2801 1304 2840 casum
1358 2781 1580 2840 fortiter
1635 2780 1784 2837 ferre

206 2877 360 2937 visus
388 2896 555 2948 sum3
599 2896 718 2935 non
759 2877 913 2954 quod
954 2896 1119 2953 aequo
1162 2877 1355 2935 animo
1396 2875 1639 2933 ferrem:
1682 2872 1786 2929 sed

605 2974 639 3017 r
670 2972 707 3010 ιι
