2159 3400
320 190 400 255 ω
900 198 1078 249 cuo
1113 197 1347 257 moa,
1388 196 1515 247 sau

413 347 486 407 ab
512 366 585 406 eo
611 356 778 405 eunt:
820 364 942 407 non
969 345 1127 407 enim
1156 364 1358 405 aurum
1386 344 1621 417 habere,
1647 344 2019 421 praeclarum

411 444 525 505 sibi
564 442 749 503 videri
785 441 967 515 dixit3
1025 441 1129 501 sed
1170 442 1262 515 iis,
1303 442 1403 519 qui
1441 438 1721 500 haberent
1764 460 2017 516 aurum,

411 540 712 616 imperare.
819 537 1132 601 Poteratne
1182 547 1380 599 tantus
1432 537 1659 599 animus
1723 556 1849 601 non
1912 538 2017 617 ju·

326 694 389 711 ,-
413 634 666 694 cundam
692 635 925 694 efficere
952 643 1314 695 senectutem
1334 635 1364 693 ‘l
1425 674 1430 683 ·

351 741 382 791 5
488 731 611 790 Sed
638 731 809 789 venio
851 730 922 790 ad
953 720 1258 809 agricofae,
1286 750 1361 789 ne
1390 749 1425 790 a
1449 729 1674 807 meipso
1699 732 2006 793 recedam.

308 898 315 905 ‚
410 827 484 886 In
525 828 678 906 agris
719 837 883 886 erant
920 837 1046 886 tum
1086 836 1401 899 senatoreS,
1443 837 1504 886 et
1556 827 1736 889 iidem
1786 846 2006 891 aenea:

412 923 698 1001 siquidem
740 924 924 983 aranti
965 923 1032 983 L.
1071 923 1327 988 Quintio
1367 923 1725 985 Cincinnato
1764 924 2008 987 nuntia-

410 1030 535 1079 tum
582 1031 691 1094 est,
734 1037 869 1079 eum
923 1020 1268 1083 dictatorem
1322 1039 1451 1081 ease
1505 1019 1760 1093 factum:
1824 1020 2003 1098 cujus

356 1166 363 1170 -
410 1117 712 1179 dictatorie
745 1118 931 1195 jussu,
973 1117 1246 1196 magister
1287 1117 1548 1194 equitum
1594 1116 1665 1178 C.
1710 1116 2002 1179 Servilius

316 1224 381 1276 10
410 1214 604 1275 Ahala
643 1216 743 1293 Sp.
786 1214 1069 1287 Maelium,
1111 1233 1355 1295 regnum
1397 1223 1783 1291 appetentem,
1812 1231 1997 1278 occu·

407 1321 608 1389 patum
649 1311 958 1370 interemit.
1055 1311 1114 1368 A
1153 1310 1289 1369 villa
1330 1311 1391 1369 in
1431 1321 1698 1371 senatum
1740 1329 1998 1375 arcesse·

409 1408 624 1467 bantur
663 1416 724 1467 et
763 1406 978 1465 Curius
1017 1417 1075 1465 et
1118 1407 1314 1469 coeteri
1353 1422 1558 1469 senes:
1601 1426 1675 1465 ex
1711 1425 1849 1484 quo,
1889 1407 1998 1484 qu'i

408 1521 509 1567 eos
551 1504 943 1576 arcessebant,
980 1504 1228 1567 viatores
1266 1502 1551 1565 nominati
1590 1513 1744 1561 sunt.
1827 1502 1993 1565 Num

409 1598 585 1678 igitur
626 1617 826 1658 eorum
867 1609 1137 1658 senectus
1190 1600 1535 1658 miserabilis
1589 1599 1718 1671 fuit,
1772 1599 1873 1677 qui
1924 1619 1991 1659 ee
2145 1598 2148 1695 l

317 1710 380 1760 15
409 1694 533 1775 agri
588 1694 844 1755 cultione
892 1696 1308 1756 oblectabant?
1390 1694 1531 1755 Mea
1578 1695 1814 1773 quidem
1861 1686 2010 1756 sen-¹
2141 1699 2146 1786 j

405 1793 611 1866 teatin,
654 1793 812 1852 haud
850 1793 995 1867 ecio,
1039 1812 1114 1852 an
1155 1793 1274 1854 ulla
1313 1794 1534 1854 beatior
1582 1812 1710 1854 esee
1762 1793 1983 1870 possit:

405 1909 594 1968 neque
633 1890 822 1950 solum
849 1889 1063 1964 officio,
1093 1890 1249 1967 quod
1290 1890 1591 1950 hominum
1632 1890 1834 1968 generi
1860 1890 1987 1950 uni·-

403 2006 570 2046 verso
611 1987 839 2047 cultura
879 2006 1147 2066 agrorum
1187 1996 1276 2046 est
1314 1986 1601 2060 salutaria,
1642 1987 1745 2046 sed
1786 1996 1845 2047 et
1887 1986 1984 2049 de-
2129 1927 2137 2064 l

404 2083 717 2144 lectatione
760 2083 960 2163 (quam
1012 2084 1183 2165 dixi),
1231 2094 1291 2144 et
1345 2083 1643 2143 saturitate
1698 2082 1981 2161 cepitque

312 2197 377 2247 20
405 2181 665 2239 omnium
702 2199 917 2254 rerum,
966 2167 1095 2256 quae
1150 2180 1225 2240 ad
1277 2180 1495 2242 victum
1547 2178 1865 2252 hominum,
1905 2178 1978 2241 ad

404 2276 626 2337 cultum
667 2277 844 2336 etiam
882 2276 1165 2349 Deorum,
1203 2276 1523 2354 pertinent:
1581 2285 1664 2349 ut,
1707 2276 1974 2353 quoniam

402 2372 530 2432 haec
556 2372 789 2449 quidam
817 2373 1167 2446 desiderant,
1196 2372 1258 2432 in
1298 2373 1541 2452 gratiam
1577 2371 1698 2449 jam
1728 2391 1859 2432 cum
1883 2391 1972 2434 vo-

402 2469 620 2546 luptate
659 2469 980 2530 redeamus,
1080 2470 1321 2547 Semper
1362 2469 1519 2531 enim
1559 2468 1701 2528 boni
1743 2469 1969 2532 assidui·

402 2584 515 2642 que
557 2564 780 2625 domini
818 2566 1030 2626 referta
1069 2566 1220 2625 cella
1258 2566 1498 2639 vinaria,
1540 2563 1776 2639 olearia,
1803 2565 1964 2628 etiam

309 2667 376 2718 25
398 2662 640 2739 penaria
666 2673 755 2721 eet
772 2682 788 2733 ;
831 2661 1078 2739 villaque
1118 2672 1244 2722 tota
1267 2662 1530 2739 locuples
1554 2672 1682 2722 est:
1725 2662 1962 2722 abundat

398 2776 602 2834 porco,
630 2758 818 2831 haedo,
848 2777 1018 2837 agno,
1059 2758 1298 2837 gallina,
1337 2758 1512 2833 lacte,
1554 2775 1747 2833 caseo,
1786 2758 1963 2821 melle.

403 2852 441 2912 J
446 2873 539 2939 arn
587 2855 818 2916 hortum
871 2854 982 2934 ipsi
1036 2854 1307 2935 agricolae
1362 2857 1684 2918 succidiam
1741 2856 1956 2920 alteram

2121 2225 2124 2248 A

2117 2263 2122 2298 l
