2159 3400
768 252 855 299 DE
893 250 1301 301 sENso'rv'm.
1798 245 1879 304 49

185 401 482 479 nectutis:
527 401 683 477 quod
711 418 846 460 cum
887 404 1100 477 evenit,
1130 403 1367 464 satietas
1395 404 1526 464 vitae
1554 414 1783 481 tempus

160 510 485 558 -maturum
512 499 716 558 mortis
734 498 925 559 affert.

204 732 211 739 ·
271 691 447 751 XXI.
530 692 822 769 Equidem
876 713 996 753 non
1050 695 1244 768 video,
1299 715 1426 769 eur,
1475 696 1615 774 quid
1659 696 1782 774 ipse

193 788 447 847 sentiam
501 789 574 847 de
628 800 835 863 morte,
880 809 1000 849 non
1051 792 1294 885 audeam
1340 793 1504 851 vobis
1550 793 1779 864 dicere3

190 886 352 965 quod
381 904 454 943 eo
480 885 691 945 melius
733 886 878 945 mihi
907 905 1149 946 eernere
1187 889 1404 962 videor,
1433 909 1551 965 quo
1596 891 1667 947 ab
1711 890 1782 948 ea
1810 893 1843 942 5

187 982 433 1059 propius*
481 984 699 1041 absum.
782 982 915 1061 Ego
956 994 1178 1043 vestros
1193 995 1416 1062 φατι-εδ,
1463 985 1525 1044 P.
1559 986 1781 1063 Scipio,

189 1089 392 1155 tuque,
435 1080 504 1139 C.
536 1080 699 1153 Laeli,
728 1080 883 1138 viros
924 1081 1299 1154 clarissimos,
1328 1082 1588 1158 mihique
1640 1082 1780 1139 ami-

193 1176 485 1250 cissimos,
515 1170 707 1236 virere
738 1178 1006 1250 arbitror,
1036 1188 1096 1235 et
1135 1196 1266 1235 eam
1308 1178 1542 1254 quidem
1582 1178 1784 1257 vitam,

189 1292 323 1349 quae
365 1284 453 1332 est
494 1274 620 1332 sola
657 1275 777 1333 vita
811 1274 1184 1333 nominanda.
1266 1275 1442 1348 Nam,
1498 1276 1637 1332 dum
1691 1294 1794 1332 su-

190 1390 325 1428 mus
354 1370 415 1428 in
444 1372 536 1429 his
564 1371 776 1429 inclusi
819 1373 1202 1450 compagibus
1230 1372 1510 1449 eorporis,
1541 1391 1780 1430 munere
1814 1372 1874 1421 10

192 1468 446 1544 quodam
473 1469 858 1541 necessitatis,
888 1480 947 1527 et
976 1470 1138 1547 gravi
1166 1488 1343 1546 opere
1357 1469 1777 1547 perfungimur.

193 1565 303 1623 Est
330 1566 486 1637 enim
516 1552 742 1624 animus
770 1567 1021 1624 ooelestis
1048 1585 1123 1624 ex
1165 1567 1445 1625 altissimo
1474 1564 1777 1625 domicilio

193 1663 522 1739 depressus,
565 1673 625 1721 et
666 1663 835 1740 quasi
877 1663 1177 1724 demersus
1218 1664 1279 1724 in
1321 1675 1553 1737 terram,
1583 1664 1781 1724 locum

193 1760 404 1819 divinae
448 1771 689 1833 naturae,
731 1762 1171 1837 aeternitatique,
1211 1762 1582 1820 eontrarium.
1662 1761 1781 1819 Sed

192 1858 393 1930 eredo,
423 1857 584 1936 Deos
613 1857 966 1916 immortales
993 1858 1271 1935 sparsisse
1302 1858 1528 1916 animos
1556 1858 1617 1915 in
1655 1877 1782 1916 cor·
1811 1874 1873 1924 15

192 1974 338 2032 pora
368 1953 658 2027 humana,
699 1964 763 2013 ut
806 1964 1018 2027 essent,
1069 1955 1171 2031 qui
1223 1964 1405 2013 terras
1443 1964 1778 2027 tuerentur,

194 2051 428 2127 quique,
459 2050 782 2108 ooelestium
823 2051 1089 2108 ordinem
1131 2049 1612 2126 contemplanteS‚
1656 2050 1782 2107 imi-

192 2156 454 2205 tarentur
483 2165 615 2205 eum
644 2147 775 2205 vitae
804 2147 979 2205 modo
1010 2156 1181 2222 atque
1210 2145 1560 2203 constantia.
1646 2144 1781 2204 Nee

193 2262 287 2301 me
316 2243 502 2302 solum
530 2244 681 2302 ratio
710 2262 778 2301 ao
807 2243 1119 2319 disputatio
1148 2241 1395 2317 impulit,
1427 2251 1489 2300 ut
1529 2242 1613 2299 ita
1659 2262 1782 2300 ore-

192 2340 413 2412 derem,
458 2340 560 2398 sed
601 2340 876 2398 nobilitas
917 2341 1094 2398 etiam
1134 2358 1491 2398 summorum
1530 2339 1783 2416 philoso-
1810 2343 1874 2395 20

192 2437 465 2514 phorum,
491 2446 550 2495 et
579 2437 977 2525 auotoritaS.)(

274 2533 607 2591 Audiebam
651 2533 1062 2609 Pythagoram,
1112 2531 1645 2610 Pythagoreosque,
1694 2532 1784 2590 in-
1869 2572 1888 2578 ψ

194 2629 357 2690 colas
381 2649 548 2705 paene
577 2640 825 2701 nostros,
856 2630 955 2705 qui
983 2638 1179 2687 essent
1220 2627 1414 2687 Italici
1453 2629 1784 2705 philosophi

195 2726 488 2803 quondam
517 2726 819 2798 nominati,
849 2745 1147 2802 nunquam
1191 2725 1508 2797 dubitasse,
1537 2726 1679 2800 quin
1711 2743 1785 2786 ex

192 2823 466 2884 universa
493 2833 688 2880 mente
717 2822 914 2880 divina
958 2822 1244 2882 delibatos
1274 2822 1497 2879 animos
1545 2821 1784 2878 habere·
1810 2827 1875 2877 25

193 2940 338 2980 muS.
452 2919 1012 2978 Demonstrabantur
1080 2918 1225 2976 mihi
1288 2926 1585 2993 praeterea,
1655 2934 1781 2990 quie

194 3018 471 3077 Socrates
499 3034 770 3093 supremo
798 3015 927 3074 vitae
956 3014 1055 3073 die
1080 3014 1155 3072 de
1203 3009 1634 3071 immortalitate
1661 3008 1784 3065 ani-

593 3114 636 3173 5
