2159 3400
731 255 817 305 DE
859 252 1266 307 subseciva-E.
1807 250 1887 312 39

198 406 532 484 appellant:
594 415 718 463 tum
773 406 1101 464 conditiora
1154 405 1296 464 facit
1349 404 1475 464 baec
1523 422 1788 483 superva-

203 503 379 561 canei
405 502 581 561 etiam
609 486 800 579 ‘operis
830 503 1143 578 aucupium
1185 512 1353 579 atque
1379 502 1628 561 venatio.

281 599 452 661 Quid
506 599 579 655 de
630 608 926 674 pratorum
979 598 1290 671 viriditate,
1348 611 1447 657 aut
1516 602 1786 658 arborum

202 695 528 768 ordinibus,
571 705 672 753 aut
709 695 1005 754 vinearum
1059 695 1520 773 olivetorumque
1567 698 1784 773 specie,

201 788 443 850 dicam?
526 792 697 850 Brevi
723 790 1052 869 praecidam.
1135 793 1299 870 Agro
1341 795 1488 852 bene
1517 795 1675 852 culto
1699 795 1781 852 nil
1814 800 1848 850 5

199 898 394 966 potest
434 906 580 961 esse,
623 904 735 946 nec
775 907 885 945 usu
924 889 1181 962 uberius,
1210 906 1324 947 nec
1370 891 1567 966 specie
1615 909 1783 949 orna-

198 986 351 1056 tius;
384 984 457 1043 ad
476 980 648 1060 quem'
674 985 1001 1057 fruendum,
1024 1003 1144 1043 non
1171 985 1346 1043 modo
1367 1005 1486 1043 non
1507 986 1779 1059 retardat,

198 1098 404 1140 verum
429 1081 603 1138 etiam
631 1064 835 1139 invitat
857 1091 1025 1156 atque
1049 1081 1281 1140 allectat
1296 1091 1582 1139 senectus.
1615 1135 1622 1143 .
1663 1081 1780 1139 Ubi

194 1178 359 1236 enim
384 1187 574 1254 potest
603 1177 702 1236 illa
721 1188 860 1236 aetas
878 1188 974 1236 aut
996 1178 1287 1237 calescere
1310 1178 1397 1235 vel
1422 1177 1781 1253 apricatione

198 1274 411 1332 melius
464 1275 552 1332 vel
607 1275 762 1353 igni3
807 1284 907 1333 aut
960 1272 1216 1332 vicissim
1268 1274 1489 1332 umbris
1545 1274 1777 1349 aquisve
1812 1279 1874 1330 10

196 1370 530 1448 refrigerari
557 1371 883 1429 salubrius?
965 1371 1092 1429 Sibi
1121 1370 1300 1448 igitur
1320 1371 1571 1430 habeant
1600 1390 1776 1442 arma,

195 1467 313 1526 sibi
352 1484 552 1543 emma,
594 1466 707 1525 sibi
747 1467 959 1540 hastas,
1001 1468 1114 1526 sibi
1153 1468 1397 1541 clavam,
1439 1468 1550 1527 sibi
1576 1469 1776 1546 pilam,

196 1564 313 1622 sibi
363 1563 691 1622 natationes
743 1570 802 1621 et
853 1578 1092 1622 cursus:
1160 1565 1331 1623 nobis
1394 1565 1649 1638 senibus,
1706 1582 1779 1623 ex

192 1660 521 1720 lusionibus
559 1660 776 1734 multis,
818 1661 971 1719 talos
1005 1661 1352 1739 relinquant,
1395 1673 1455 1721 et
1493 1673 1774 1721 tesseras:

196 1745 448 1832 idipsun'i
508 1754 756 1837 [utrum]
810 1757 1066 1830 lubebit;
1137 1760 1429 1835 quoniam,
1484 1760 1610 1818 sine
1666 1760 1773 1833 his,
1807 1773 1868 1821 15

194 1854 370 1911 beata
394 1869 522 1911 esse
550 1863 820 1911 senectus
857 1864 1065 1930 potest.

249 2043 475 2105 XVII.
558 2043 777 2103 Multas
819 2046 890 2103 ad
930 2065 1022 2104 res
1060 2047 1337 2123 perutiles
1364 2047 1774 2123 Xenophontis

192 2140 329 2198 libri
378 2152 544 2211 sunt:
613 2160 758 2217 quos
824 2143 1019 2220 legite,
1074 2161 1291 2219 quaeso,
1360 2143 1637 2216 studiose,
1708 2156 1772 2203 ut

192 2237 402 2296 facitis,
482 2238 684 2301 Quam
713 2239 951 2315 copiose
984 2240 1055 2296 ab
1098 2259 1169 2297 eo
1199 2240 1551 2317 agricultura
1576 2241 1772 2300 lauda-

190 2344 288 2392 tur
329 2333 389 2392 in
429 2353 501 2391 eo
540 2335 708 2407 libro,
752 2336 850 2410 qui
890 2346 979 2393 est
1018 2334 1094 2393 de
1132 2337 1352 2394 tuenda
1390 2355 1454 2394 re
1482 2337 1767 2411 familiari,
1799 2336 1863 2386 20

189 2430 295 2507 qui
358 2436 401 2465 “
423 2430 904 2489 OEconomicus''
973 2432 1341 2492 inscribitur!
1425 2435 1639 2511 Atque,
1707 2451 1772 2495 ut

188 2526 547 2604 intelligatis,
604 2529 749 2587 nihil
804 2529 860 2587 ei
913 2539 1033 2586 tam
1100 2531 1294 2607 regale
1347 2531 1528 2590 videri
1596 2553 1769 2609 quam

182 2623 447 2684 studium
515 2625 638 2702 agri
704 2623 955 2698 colendi,
1026 2627 1297 2685 Socrates
1352 2629 1411 2686 in
1480 2648 1552 2687 eo
1619 2630 1769 2687 libro

184 2719 445 2795 loquitur
474 2737 609 2779 cum
637 2721 962 2795 CritobuIO,
993 2722 1211 2799 Cyrum
1223 2725 1540 2797 minorem,
1571 2743 1768 2803 regem

183 2815 517 2890 Persarum,
569 2829 938 2894 praestantem
993 2819 1233 2897 ingenio
1304 2832 1474 2896 atque
1505 2818 1510 2824 ’
1540 2821 1769 2897 imperii
1796 2813 1859 2862 25

183 2913 396 2992 gloria,
438 2931 574 2971 cum
615 2913 910 2990 Lysander
951 2914 1450 2987 Lacedaemonius,
1494 2917 1578 2972 vir
1617 2935 1769 2973 sum-

182 3025 295 3068 mae
325 3009 574 3087 virtutis,
603 3010 858 3067 venisset
888 3011 958 3068 ad
987 3021 1123 3068 eum
1166 3009 1386 3081 Samia,
1417 3010 1586 3084 eique
1615 3009 1769 3064 dona
