2159 3400
550 250 826 313 LAELIUS,
856 253 1005 301 slve
1042 254 1131 302 nn
1161 254 1477 301 Amcrru.
1808 241 1888 299 75

214 395 440 458 Laenati
478 410 539 459 et
574 399 819 478 Rupilio
847 402 1184 461 consulibus
1211 403 1272 461 in
1299 402 1566 474 consilio,
1593 401 1793 478 depre-

213 506 411 554 catum
433 496 705 570 venisset,
727 498 898 570 hanc,
920 509 984 556 ut
1011 499 1123 557 sibi
1151 499 1533 577 ignoscerem,
1555 516 1792 557 causam

216 592 512 666 afferebat,
542 594 695 669 quod
735 595 880 652 tanti
919 595 1019 654 Ti.
1052 596 1386 655 Gracchum
1427 596 1677 668 fecisset,
1706 606 1789 667 ut,

213 688 497 765 quidquid
565 690 683 757 ille,
727 691 918 762 vellet,
983 690 1096 749 sibi
1164 690 1490 750 faciendum
1542 702 1786 768 putaret.

208 783 374 842 Tum
411 803 543 864 ego,
586 793 623 820 ‘⁴
648 786 936 858 Etiamne,
974 788 1022 845 si
1060 797 1120 845 te
1157 787 1216 847 in
1254 788 1606 864 Capitolium
1635 789 1790 848 faces
1820 797 1853 845 5

212 880 365 938 ferre
391 882 650 940 vellet'l”
733 889 771 916 ‘⁶
791 883 1165 959 Nunquam,''
1205 885 1411 961 inquit,
1455 892 1493 918 ‘⁴
1516 885 1791 944 voluisset

212 976 273 1034 id
321 976 612 1052 quidem.''
695 979 907 1052 “Sedj
944 980 995 1037 si
1040 981 1401 1039 voluisset'l''
1500 981 1790 1039 “Par-uis-

212 1075 395 1130 sem.’'
478 1074 723 1147 Videtis,
766 1094 937 1151 quam
986 1076 1207 1134 nefaria
1250 1095 1394 1135 vox:
1452 1087 1529 1149 et,
1572 1076 1785 1150 hercle,

212 1169 298 1228 ita
339 1168 498 1241 fecit,
534 1170 622 1228 vel
661 1170 792 1247 plus
832 1170 1006 1229 etiam
1047 1190 1219 1247 quam
1259 1171 1439 1229 dixit:
1481 1189 1599 1229 non
1632 1172 1788 1229 enim

208 1264 407 1343 paruit
444 1264 542 1324 ille
580 1264 679 1324 Ti.
720 1265 977 1324 Gracchi
1016 1266 1346 1339 temeritati,
1383 1267 1484 1324 sed
1523 1267 1783 1343 praefiiit3
1820 1277 1882 1326 10

210 1380 327 1423 nec
366 1380 433 1420 se
471 1361 743 1419 comitem
785 1362 939 1421 illius
981 1363 1207 1435 furoris,
1245 1363 1348 1421 sed
1389 1363 1619 1434 ducem,
1646 1378 1789 1439 prae·

210 1456 356 1517 buit.
464 1455 688 1533 Itaque,
742 1457 855 1516 hac
888 1492 895 1499 ·
923 1458 1193 1531 amentia,
1250 1459 1569 1534 quaestione
1635 1460 1788 1518 nova

208 1553 567 1633 perterritus,
596 1553 657 1612 in
685 1554 888 1613 Asiam
914 1555 1200 1633 profligit3
1247 1555 1319 1613 ad
1346 1554 1537 1615 hostes
1563 1576 1626 1614 se
1654 1576 1789 1615 con-

208 1650 377 1723 tulit3
416 1668 617 1729 poenas
656 1650 988 1728 reipublicae
1016 1670 1218 1730 graves
1253 1652 1548 1730 justasque
1572 1654 1787 1731 persol-

210 1748 311 1807 vit.
392 1748 575 1806 Nulla
608 1759 696 1807 est
727 1748 903 1826 igitur
929 1750 1227 1810 excusatio
1252 1751 1502 1827 peccati,
1531 1751 1581 1808 si
1611 1750 1785 1809 amici
1818 1760 1880 1809 15

211 1844 392 1903 causa
429 1845 779 1921 peccaveris.
862 1843 1039 1917 Nam,
1068 1863 1201 1903 cum
1243 1847 1609 1904 conciliatrix
1649 1847 1786 1905 ami-

209 1940 365 2000 citiae
393 1940 621 1998 virtutis
646 1940 845 2016 opinio
872 1939 1063 2012 fuerit,
1094 1941 1330 1999 difficile
1357 1951 1444 1999 est
1472 1941 1783 2000 amicitiam

207 2051 467 2110 manere,
496 2037 546 2095 si
575 2056 608 2095 a
633 2037 842 2095 virtute
869 2035 1168 2095 defeceris.

287 2132 472 2195 Quod
512 2133 562 2190 si
602 2143 823 2194 rectum
872 2133 1259 2204 statuerimus,
1314 2132 1403 2191 vel
1460 2133 1784 2193 concedere

208 2227 417 2287 amicis
444 2228 721 2305 quidquid
746 2228 945 2301 velint,
969 2228 1056 2286 vel
1087 2228 1392 2304 impetrare
1423 2229 1495 2287 ab
1522 2228 1594 2286 iis
1622 2229 1784 2305 quid·
1813 2239 1878 2289 20

206 2324 350 2400 quid
390 2325 651 2397 velimus,
689 2324 949 2401 perfecta
988 2325 1221 2401 quidem
1263 2325 1544 2402 sapientia
1583 2327 1781 2400 simus,

207 2420 260 2478 si
308 2419 454 2478 nihil
502 2419 710 2478 habeat
756 2439 849 2478 res
894 2420 1056 2479 vitii:
1107 2420 1208 2478 sed
1255 2420 1544 2497 loquimur
1592 2424 1664 2480 de
1711 2425 1783 2482 iis

207 2515 415 2575 amicis
455 2513 555 2592 qui
597 2527 728 2574 ante
769 2516 972 2574 oculos
1010 2526 1164 2589 sunt,
1195 2535 1340 2593 quos
1375 2518 1654 2592 videmus,
1686 2532 1784 2579 aut

204 2611 284 2670 de
322 2611 530 2688 quibus
556 2611 892 2670 memoriam
922 2613 1273 2688 accepimus,
1305 2624 1402 2671 aut
1441 2634 1584 2690 quos
1622 2617 1783 2673 novit

204 2705 326 2765 vita
364 2706 706 2765 communis.
789 2707 881 2765 Ex
916 2707 1030 2766 hoc
1056 2727 1299 2767 numero
1326 2695 1496 2768 nobis
1522 2711 1784 2786 exempla
1812 2717 1875 2767 25

203 2803 492 2862 sumenda
516 2813 670 2876 sunt,
698 2814 757 2862 et
783 2823 983 2862 eorum
1011 2806 1243 2881 quidem
1273 2807 1539 2878 maxime,
1569 2807 1665 2881 qui
1711 2807 1781 2863 ad

202 2900 549 2977 sapientiam
575 2900 833 2976 proxime
863 2902 1168 2959 accedunt.

286 2996 572 3057 Videmus
597 2996 820 3073 P'apum
847 2997 1151 3055 AEmilium
1178 2996 1246 3053 C.
1277 2994 1535 3052 Luscino
1577 2991 1780 3050 famili-
