2159 3400
4 442 22 480 r

6 536 11 577 ἰ

4 638 16 674 ε

4 716 12 771 ἱ

6 930 11 963 ἱ

717 256 804 306 na
846 256 1255 307 sanaem.
1785 246 1866 308 42

193 424 294 465 sus
321 406 609 465 honorum
638 400 760 465 fuit.
844 407 1040 483 Atque
1061 408 1187 484 ejus
1214 382 1472 465 e’xtrema
1497 416 1635 467 aetas
1660 405 1776 464 hoo

195 504 440 589 beatior,
469 522 643 578 quam
670 503 880 576 media,
910 504 1066 579 quod
1110 504 1468 562 auctoritatis
1507 503 1637 580 plus
1678 504 1776 561 ha-

194 599 389 671 bebat,
417 599 633 657 laboris
672 618 808 657 vero
837 599 1044 658 minus·
1129 600 1299 676 Apex
1341 610 1533 658 autem
1573 618 1776 662 senec·

190 674 339 754 tutia
365 706 454 753 est
482 696 808 754 auctoritas,
889 697 1135 758 Quanta
1176 696 1285 754 suit
1312 696 1373 755 in
1417 697 1483 755 L.
1530 696 1773 755 Gaeoilio

194 791 478 851 Metello!
538 802 751 867 quanta
793 793 854 850 in
883 792 1065 850 Atilio
1112 792 1417 853 Calatino!
1481 793 1542 851 in
1596 812 1770 869 quem
1801 810 1834 858 5

195 887 341 947 illud
394 889 650 965 elogium
704 889 976 947 unicum:
1032 896 1071 922 “
1091 889 1360 951 Plurimae
1402 891 1773 948 consentiunt

194 992 421 1061 gemae,
451 983 649 1060 populi
675 984 1014 1059 primarium
1045 984 1220 1042 fuisse
1249 984 1492 1043 virum.''
1548 985 1773 1045 Notum

193 1091 286 1138 est
329 1098 585 1152 carmen,
635 1080 887 1138 incisum
930 1080 991 1138 in
1035 1081 1316 1157 sepulcro.
1413 1080 1557 1139 Jure
1598 1082 1773 1158 igitur

194 1177 406 1254 gravia,
454 1176 621 1253 eujus
663 1177 738 1234 de
791 1177 1057 1235 laudibus
1111 1177 1369 1235 omnium
1423 1187 1576 1235 esset
1618 1178 1773 1235 fama

194 1260 581 1330 consentiens
678 1271 879 1334 Quem
917 1272 1104 1329 virum
1143 1272 1207 1330 P.
1252 1271 1545 1344 Crassum,
1587 1291 1770 1348 nuper
1802 1279 1863 1328 1⁰

191 1367 526 1445 pontificem
554 1369 886 1441 maximum,
917 1387 1087 1444 quem
1113 1379 1318 1445 postea
1357 1367 1439 1427 M.
1484 1369 1770 1446 Lepidum

192 1464 401 1522 eodem
430 1464 755 1523 sacerdotio
779 1466 1104 1541 praeditum,
1134 1465 1423 1528 vidimus?
1497 1465 1666 1528 Quid
1696 1466 1770 1524 de

192 1560 378 1619 Paulo
409 1571 505 1618 aut
531 1561 814 1619 Africano
840 1562 1085 1638 loquar?
1128 1573 1244 1634 aut,
1274 1574 1338 1620 ut
1359 1562 1479 1639 jam
1509 1573 1662 1636 ante,
1694 1563 1769 1620 de

193 1655 497 1717 Maximo?
553 1676 797 1734 quorum
838 1677 958 1718 non
1006 1657 1067 1718 in
1110 1660 1399 1719 sententia
1427 1660 1633 1733 solum,
1664 1660 1767 1718 sed

190 1754 369 1813 etiam
411 1755 470 1813 in
511 1766 676 1828 nutu,
703 1756 994 1814 residebat
1034 1757 1364 1816 auotoritas,
1450 1755 1645 1816 Habet
1685 1775 1770 1815 se-
1800 1761 1860 1811 15

190 1862 419 1924 nectua,
476 1852 756 1910 honorata
807 1853 1147 1929 praesertim,
1188 1863 1407 1912 tantam
1463 1855 1769 1912 anctorita-

190 1959 330 2020 tem,
361 1959 424 2006 ut
450 1967 522 2006 ea
545 1949 726 2026 pluris
772 1950 866 2023 sit,
908 1960 1078 2026 quam
1118 1967 1320 2007 omnes
1363 1949 1766 2008 adolescentiae

190 2045 525 2121 voluptates,

269 2237 498 2296 XVIII.
583 2238 722 2310 Sed,
764 2239 823 2297 in
866 2240 1025 2300 omni
1072 2240 1352 2311 oratione,
1397 2249 1763 2312 mementote,

189 2352 320 2393 eam
372 2352 467 2391 me
506 2334 743 2392 laudare
785 2346 1165 2408 senectutem,
1209 2355 1336 2412 quae
1378 2335 1765 2394 fundamentis
1794 2339 1857 2390 20

189 2429 597 2488 adolescentia>
641 2431 950 2489 constituta
992 2433 1103 2490 sit:
1147 2451 1219 2490 ex
1258 2451 1372 2508 quo
1412 2431 1471 2489 id
1498 2431 1764 2505 eflicitur,

188 2525 377 2604 (quod
403 2545 514 2603 ego
554 2545 765 2604 magno
806 2527 1093 2603 quondam
1135 2547 1267 2586 oum
1311 2548 1545 2587 assensu
1585 2530 1767 2588 omni-

184 2641 289 2681 um
315 2622 464 2703 dixi)
494 2623 764 2682 miseram
804 2642 931 2681 esse
956 2634 1336 2698 senectutem,
1365 2645 1492 2702 quae
1535 2645 1599 2683 se
1641 2642 1767 2682 ora-

182 2719 346 2776 tione
374 2719 727 2778 defenderet.
814 2719 950 2778 Non
980 2720 1134 2792 cani,
1167 2740 1282 2779 non
1322 2739 1500 2799 rugae,
1528 2730 1765 2797 repente

184 2815 591 2873 auctoritatem
623 2816 872 2891 arripere
899 2826 1170 2892 possunt:
1213 2816 1313 2874 sed
1356 2816 1594 2875 honeste
1636 2826 1766 2874 acta
1791 2816 1855 2868 25

180 2907 447 2988 superior
503 2920 642 2969 aetas
697 2912 919 2971 fruetus
974 2913 1132 2988 capit
1177 2911 1534 2971 auctoritatis
1581 2922 1765 2969 extre·

180 3026 325 3068 mos.

581 3100 623 3159 4
636 3103 672 3139 ²¹¹
