2159 3400
314 212 392 272 3⁰
893 223 1067 271 cxi-o
1104 223 1336 283 nuos,
1373 223 1501 271 suu

403 382 582 445 ceret,
623 381 687 429 ut
725 370 786 428 id
840 390 960 429 non
1013 369 1239 448 liberet,
1292 371 1446 448 quod
1498 388 1617 429 non
1669 382 1991 447 oporteret.

400 468 652 545 Impedit
690 468 847 526 enim
875 468 1183 529 consilium
1209 468 1488 545 voluptas,
1529 467 1743 535 rationi
1788 469 1989 529 inimi·

402 584 501 636 ca3
533 585 603 623 ac
629 566 839 624 mentis
868 564 959 644 (ut
988 565 1069 624 ita
1096 566 1315 646 dicam)
1362 564 1713 641 praestringit
1740 566 1981 636 oculos3

399 681 512 720 nec
539 663 715 720 habet
738 662 918 723 ullum
959 681 1093 720 cum
1121 662 1329 721 virtute
1366 660 1799 729 commercium.
1885 656 2018 720 In-‘

339 775 371 822 5
400 758 549 817 vitus
575 759 806 835 quidem
834 758 968 830 feci,
999 769 1062 816 ut
1092 757 1385 816 fortissimi
1413 757 1520 815 viri
1547 757 1624 817 T.
1653 757 1979 817 Flaminini

400 856 651 928 fratrem,
705 855 773 913 L.
841 855 1255 926 Flamininum,
1309 872 1343 911 e
1407 863 1612 912 senatu
1678 853 1974 930 ejicerem,

400 962 620 1029 septem
691 951 856 1009 annis
890 961 1223 1027 ¹postquam
1291 949 1493 1007 consul
1549 950 1797 1007 suisset:
1869 950 1973 1008 sed

396 1048 709 1106 notandam
761 1048 957 1125 putavi
1010 1045 1328 1107 libidinem.
1438 1045 1556 1103 Ille¹
1599 1046 1777 1119 enim,
1834 1065 1969 1105 cum

394 1156 545 1203 esset
586 1146 810 1219 consul,
852 1145 913 1205 in
952 1145 1145 1203 Gallia
1199 1153 1466 1201 exoratus
1505 1143 1565 1200 in
1620 1142 1883 1202 convivio
1936 1162 1970 1201 a

306 1243 367 1292 10
394 1252 585 1301 scorto
625 1252 733 1314 est,
774 1252 837 1300 ut
875 1241 1067 1299 securi
1108 1240 1302 1298 feriret
1342 1239 1585 1315 aliquem
1623 1256 1842 1312 eorum,
1871 1240 1966 1316 qui

397 1339 456 1396 in
497 1338 744 1397 vinculis
784 1347 995 1408 essent,
1039 1334 1293 1393 damnati
1340 1336 1425 1394 rei
1465 1335 1743 1412 capitalis,
1826 1335 1966 1408 Hic,

395 1433 556 1504 Tito,
586 1433 759 1490 fratre
787 1451 910 1504 suo,
942 1450 1203 1504 censore,
1234 1430 1360 1510 (qui
1396 1434 1689 1509 proximus
1718 1443 1848 1493 ante
1875 1451 1968 1490 me

396 1528 607 1610 fuerat)
650 1528 878 1604 elapsus
917 1538 1037 1586 est:
1080 1528 1223 1586 mihi
1262 1547 1397 1587 vero
1437 1538 1496 1587 et
1534 1528 1752 1587 Flacco
1786 1529 1968 1587 neuti-

394 1644 565 1701 quam
590 1625 824 1702 probari
847 1625 1034 1702 potuit
1062 1635 1179 1683 tam
1201 1624 1487 1703 flagitiosa
1514 1635 1572 1682 et
1597 1635 1715 1683 tam
1743 1625 1969 1702 perdita

306 1732 366 1780 15
394 1722 596 1794 libido,
637 1742 763 1799 quae
805 1742 936 1781 cum
962 1724 1176 1800 probro
1200 1722 1423 1800 privato
1464 1723 1841 1800 conjungeret
1863 1723 1969 1781 im-

394 1818 539 1895 perii
567 1818 838 1878 dedecus,

471 2012 643 2071 XIII.
728 2013 895 2089 Saepe
937 2012 1128 2072 audivi
1170 2031 1203 2071 a
1244 2012 1551 2089 majoribus
1591 2022 1751 2084 natu,
1780 2013 1967 2089 quise

392 2127 565 2185 porro
603 2128 814 2186 pueros
856 2129 891 2168 a
916 2110 1151 2174 senibus
1194 2108 1421 2167 audisse
1450 2108 1741 2181 dicebant,
1772 2109 1962 2170 mirari

224 2195 229 2200 ¹
301 2217 365 2267 20
394 2205 625 2263 solitum
667 2205 735 2264 C.
778 2205 1134 2277 Fabricium,
1177 2206 1350 2282 quod,
1394 2224 1527 2264 cum
1571 2205 1721 2281 apud
1769 2223 1962 2283 regem

393 2301 674 2377 Pyrrhum
740 2302 965 2379 legatus
1030 2313 1203 2374 esset,
1261 2300 1514 2361 audisset
1580 2321 1613 2359 a
1677 2301 1964 2360 Thessalo

394 2396 602 2470 Cinea,
629 2417 757 2456 esse
784 2399 1085 2475 quemdam
1116 2399 1384 2470 Athenis,
1413 2398 1508 2474 qui
1546 2417 1608 2456 se
1649 2398 1963 2474 sapientem

392 2494 781 2570 profiteretur;
825 2514 1072 2572 eumque
1097 2494 1312 2567 dicere,
1343 2496 1555 2567 omnia,
1585 2515 1709 2572 quae
1753 2495 1964 2564 facere-

393 2601 542 2663 muS,
573 2591 644 2649 ad
672 2591 1016 2667 voluptatem
1057 2611 1184 2649 esse
1225 2592 1558 2649 referenda:
1601 2591 1754 2667 quod
1784 2611 1854 2651 ex
1892 2610 1961 2649 eo

301 2688 364 2738 25
395 2687 711 2759 audientes,
735 2686 818 2744 M'
840 2687 1083 2745 Curium
1109 2697 1167 2744 et
1194 2687 1291 2746 Ti.
1312 2687 1745 2747 Coruncanium
1768 2700 1960 2766 optare

394 2782 612 2855 solitoS,
641 2793 704 2841 ut
744 2784 802 2841 id
844 2784 1202 2841 Samnitibus
1239 2784 1461 2860 ipsique
1488 2784 1709 2861 Pyrrho
1736 2804 1960 2862 persua-

395 2877 623 2936 deretur
643 2899 657 2948 ;
726 2898 840 2954 quo
895 2879 1124 2937 facilius
1177 2879 1332 2937 vinci
1399 2891 1655 2957 possent,
1714 2901 1846 2940 cum
1900 2900 1960 2939 se

394 2972 778 3050 voluptatibus
806 2975 1113 3036 dedissent.
1193 2976 1435 3036 ›Vixerat
1474 2978 1557 3036 M’
1579 2977 1793 3036 Curius
1834 2997 1960 3038 cum
