2159 3400
308 249 388 309 92
724 256 997 315 mum,
1028 254 1179 302 SIVE
1216 254 1303 300 nn
1342 252 1656 305 mmm.

395 406 796 485 repudianda:
852 415 1106 464 vetustas
1150 415 1343 479 tamen
1396 422 1501 462 suo
1555 402 1689 461 loco
1744 421 1978 461 conser-

396 504 583 562 vanda
620 513 722 561 est.
804 501 1062 561 Maxima
1099 512 1188 559 est
1232 501 1389 561 enim
1431 500 1518 557 vis
1560 499 1882 572 vetustatiS,
1921 510 1977 558 et

397 599 867 659 consuetudinis:
924 608 1007 671 ut,
1075 598 1137 656 in
1185 598 1310 674 ipso
1357 615 1535 673 equo,
1586 596 1754 673 cujus
1797 597 1975 654 modo

395 695 747 753 mentionem
775 694 909 769 feci,
937 696 987 753 si
1013 695 1175 753 nulla
1208 713 1301 752 res
1341 692 1644 769 impediat,‘
1664 711 1837 753 nemo
1862 703 1971 765 est,

336 801 372 850 5
397 792 494 868 qui
520 811 639 851 non
666 810 758 864 eo,
787 810 902 868 quo
922 790 1244 862 consuevit,
1263 789 1537 848 libentius
1562 788 1779 862 utatur,
1802 808 1971 864 quam

396 889 704 947 intractato
744 899 804 946 et
844 906 1027 945 novo:
1068 906 1182 945 nec
1208 884 1380 945 modo
1423 885 1483 943 in
1526 885 1662 959 hoc,
1693 887 1845 961 quod
1885 896 1972 944 est

398 985 628 1058 animal,
650 986 751 1043 sed
778 986 838 1043 in
868 985 938 1042 iis
962 983 1137 1042 ctiam
1164 1002 1289 1060 quae
1317 994 1451 1040 sunt
1479 982 1817 1055 inanimata,
1838 1000 1973 1040 con·

396 1082 640 1140 suetudo
678 1082 827 1140 valet
844 1100 859 1153 ;
902 1100 1036 1139 cum
1077 1080 1225 1137 locis
1265 1079 1441 1137 etiam
1478 1078 1617 1155 ipsis
1654 1078 1970 1137 montuosis

396 1179 751 1238 delectemur
770 1189 830 1237 et
849 1177 1220 1250 silvestribuS‚
1244 1176 1304 1234 in
1332 1176 1540 1252 quibus
1568 1175 1793 1234 diutius
1821 1194 1971 1233 com-

310 1287 375 1337 10
399 1277 604 1334 morati
631 1295 843 1335 sumus,

477 1372 595 1430 Sed
624 1372 930 1430 maximum
958 1380 1046 1428 est
1074 1370 1134 1428 in
1183 1368 1844 1445 wichim-superiorem
1876 1388 1972 1445 pa-

396 1486 519 1525 rem
541 1486 665 1524 esse
687 1467 970 1526 inferiori:
998 1485 1152 1543 saepe
1168 1466 1323 1523 enim
1340 1465 1971 1542 excellentiaequaedam

397 1573 562 1633 sunt;
606 1563 789 1637 qualis
815 1573 938 1621 erat
974 1562 1269 1639 Scipionis
1310 1550 1378 1620 in*
1418 1572 1615 1620 nostro
1645 1561 1742 1639 (ut
1784 1562 1868 1620 ita
1892 1561 1974 1619 di·

398 1659 555 1739 cam)
585 1676 776 1737 grege.
860 1657 1172 1737 Nunquam
1207 1678 1270 1718 se
1309 1659 1408 1718 ille
1454 1657 1643 1732 Phile,
1681 1658 1972 1737 nunquam

311 1771 373 1819 15
397 1754 660 1833 Rupilio,
682 1774 975 1831 nunquam
995 1755 1283 1815 Mummio
1312 1756 1971 1833 anteposuitfnunquam

398 1851 685 1911 inferioris
725 1852 945 1911 ordinis
1000 1853 1217 1933 amicis,
1296 1852 1378 1914 Q.
1426 1870 1562 1910 vero
1629 1850 1970 1924 Maximum,

397 1948 647 2023 fratrem,
668 1950 969 2028 egregium*
990 1949 1193 2021 virum,
1216 1949 1452 2008 omnino
1473 1948 1582 2006 sibi
1608 1945 1972 2026 nequaquam

395 2066 613 2125 parem,
657 2047 809 2124 quod
853 2047 902 2105 is
943 2046 1198 2106 anteibat
1224 2055 1411 2117 oetate,
1439 2060 1713 2121 tanquam
1758 2046 1973 2123 superi·

396 2161 577 2218 orem,
606 2144 871 2215 colebat3
914 2161 1161 2219 suosque
1202 2160 1402 2200 ornnes
1446 2160 1545 2219 per
1587 2160 1650 2199 se
1693 2160 1823 2200 esse
1860 2157 1974 2200 am·

294 2252 374 2302 20
396 2239 605 2317 pliores
631 2240 872 2299 volebat.
952 2239 1136 2302 Quod
1163 2238 1491 2296 faciendum
1518 2237 1971 2315 imitandumque

398 2345 487 2392 est
527 2336 826 2406 omnibus3
869 2346 951 2408 ut,
994 2336 1045 2394 si
1089 2354 1259 2411 quam
1300 2334 1687 2410 praestantiam
1724 2334 1968 2405 virtutis,

400 2429 639 2507 ingenii,
672 2431 912 2490 fortunae
953 2431 1253 2490 consecuti
1291 2440 1445 2502 sunt,
1476 2430 1807 2506 impertiant
1844 2449 1970 2490 eam

399 2525 537 2596 suis,
570 2526 1114 2601 communicentque
1142 2545 1276 2585 cum
1314 2525 1626 2603 proximis:
1668 2537 1753 2599 ut,
1783 2528 1833 2585 si
1877 2546 1970 2604 pa-

399 2620 658 2681 rentibus
703 2621 823 2678 nati
868 2621 987 2680 sint
1029 2622 1363 2696 humilibuS,
1392 2621 1441 2679 si
1483 2621 1839 2698 propinquos
1879 2622 1971 2681 ha-

311 2737 375 2786 25
400 2717 574 2784 beant
599 2714 1007 2772 imbecilliores
1034 2715 1122 2773 vel
1152 2717 1344 2775 animo
1372 2718 1460 2775 vel
1491 2717 1741 2791 fortuna,
1772 2738 1972 2778 eorum

402 2820 648 2887 augeant
668 2825 825 2885 opes,
848 2809 1044 2883 eisque
1071 2809 1277 2868 honori
1307 2812 1439 2885 sint,
1461 2822 1519 2870 et
1543 2813 1850 2891 dignitati:
1890 2825 1973 2889 ut,

401 2907 462 2964 in
491 2903 716 2974 sabulis,
754 2903 853 2977 qui
895 2899 1268 2979 aliquamdiuj
1289 2918 1521 2981 propter
1548 2908 1975 2985 ignorationem

401 2999 593 3075 stirpis
612 3007 670 3055 et
689 2996 934 3074 generiS,
958 2997 1018 3054 in
1039 2996 1315 3056 famulatu
1337 3000 1567 3073 fuerim,
1592 3022 1726 3062 cum
1751 3007 1977 3085 cogniti
