2159 3400
528 264 804 326 mnus,
845 262 993 313 srvit
1034 264 1122 312 m:
1165 264 1478 349 amorrui.
1799 257 1880 317 87

206 427 265 471 et
305 413 370 473 in
413 413 528 472 illis
567 414 807 489 quidem·
836 410 1108 490 parandis
1150 412 1421 473 adhibere
1463 430 1682 486 curam,
1724 414 1784 472 in

207 510 417 568 amicis
470 510 752 588 eligendis
804 510 1165 588 negligentes
1201 529 1366 568 esse:
1420 529 1536 568 nec
1571 510 1783 569 habere

205 607 369 682 quasi
412 606 878 684 signa-quaedam
902 616 967 665 et
992 616 1175 679 notas,
1203 607 1409 683 quibus
1435 626 1553 680 eos,
1584 607 1683 683 qui
1711 608 1783 666 ad

208 703 525 761 amicitiam
551 713 743 761 essent
769 702 982 776 idonei,
1005 701 1349 780 judicarent.
1431 703 1581 762 Sunt
1607 704 1783 782 igitur

205 799 379 872 firmi,
421 804 481 858 et
520 799 773 874 stabiles,
815 809 874 858 et
916 809 1247 859 constantes
1286 800 1572 877 eligendi3
1618 803 1782 878 cujus
1812 808 1846 857 5

205 893 439 974 generis
482 905 569 953 est
609 915 821 974 magna
843 897 1117 981 periuria:
1153 905 1219 954 et
1254 896 1516 973 judicare
1546 897 1782 956 difficile

203 1003 292 1050 est
312 1004 482 1066 sane,
509 992 623 1050 nisi
664 1003 957 1069 expertum
982 1012 995 1051 τ
1036 992 1446 1069 experiendum
1476 1003 1665 1051 autem
1692 1004 1781 1052 est
1872 1039 1896 1081 i

203 1089 264 1147 in
293 1089 421 1166 ipsa
442 1089 714 1147 amicitia.
781 1089 1187 1166 Itapraecurrit
1210 1089 1464 1147 amicitia
1476 1089 1778 1165 judicium,

203 1186 464 1262 tollitque
491 1186 821 1262 experiendi
849 1195 1210 1263 potestatem.

283 1282 396 1339 Est
423 1282 598 1359 igitur
633 1283 950 1359 prudentis,
988 1282 1292 1356 sustinere,
1322 1290 1385 1341 ut
1412 1300 1662 1355 currum,
1693 1281 1778 1340 sic
1811 1289 1872 1340 10

192 1377 493 1455 impetum
523 1378 968 1450 benevolentiae;
1011 1398 1127 1455 quo
1155 1389 1401 1445 utamur,
1431 1379 1590 1455 quasi
1618 1379 1780 1455 equis

200 1474 460 1547 tentatis,
508 1475 596 1533 sic
642 1475 931 1548 amicitiis,
981 1475 1174 1552 aliqua
1226 1485 1389 1553 parte
1439 1476 1779 1552 periclitatis

201 1571 463 1629 moribus
502 1571 836 1630 amicorum.
888 1572 1175 1647 „Quidam
1219 1590 1370 1650 saepe
1396 1573 1457 1632 in
1481 1573 1657 1650 parva
1682 1590 1781 1649 pe·

202 1666 382 1726 cunia.
419 1667 863 1744 perspiciuntur,
906 1687 1076 1745 quam
1117 1668 1233 1728 sint
1271 1667 1459 1728 leves:
1522 1669 1775 1745 quidam,

201 1782 348 1841 quos
386 1782 563 1840 parva
600 1782 830 1822 movere
868 1784 986 1823 non
1025 1767 1233 1842 potuit,
1263 1776 1687 1844 cognoscuntur
1715 1766 1776 1825 in
1807 1778 1869 1827 15

199 1861 433 1938 magna.
516 1860 622 1918 Sin
647 1879 784 1919 vero
818 1871 986 1919 erunt
1015 1859 1191 1937 aliqui
1217 1863 1453 1940 reperti,
1481 1863 1577 1938 qui
1604 1881 1778 1938 pecu-

198 1956 358 2016 niam
410 1956 679 2032 praeferre
734 1957 1020 2028 amicitiae,
1066 1957 1363 2015 sordidum
1417 1958 1773 2027 existiment3

199 2052 303 2110 ubi
356 2071 460 2110 eos
504 2052 880 2124 inveniemus,
929 2052 1028 2128 qui
1075 2053 1343 2125 honores,
1391 2053 1773 2130 magistratus,

199 2148 462 2224 imperia,
500 2158 829 2226 potestates,
869 2167 1029 2225 opes,
1071 2148 1337 2206 amicitiae
1384 2166 1501 2205 non
1545 2157 1776 2223 antepo-

197 2254 378 2315 nant3
422 2255 503 2318 ut,
526 2264 658 2303 cum
686 2264 759 2302 ex
787 2245 964 2303 alteri
988 2254 1152 2321 parte
1173 2239 1463 2320 proposita
1484 2244 1609 2302 haec
1635 2245 1768 2318 sint,
1801 2265 1865 2315 ρο

196 2359 274 2399 ex
313 2340 492 2398 altera
527 2342 622 2418 jus
663 2342 952 2414 amicitiae,
993 2359 1113 2400 non
1152 2341 1337 2400 multo
1383 2341 1483 2399 illa
1526 2341 1769 2401 malint?

196 2434 502 2495 Imbecilla
527 2438 682 2496 enim
708 2448 914 2496 natura
946 2447 1034 2496 est
1063 2437 1135 2495 ad
1163 2437 1642 2496 contemnendam
1670 2458 1770 2515 po-
1864 2480 1874 2492 ,

197 2533 471 2591 tentiam:
513 2554 681 2610 quam
710 2536 883 2593 etiam
909 2532 960 2592 si
987 2534 1255 2611 neglecta
1284 2535 1540 2593 amicitia
1568 2554 1768 2593 conse-

196 2628 319 2687 cuti
347 2640 500 2703 sunt‚
519 2631 887 2690 obscuratum
915 2631 988 2689 iri
1016 2649 1077 2688 se
1110 2631 1473 2705 arbitrantur,
1494 2632 1629 2708 quia
1647 2650 1764 2689 non

194 2724 321 2783 sine
347 2726 559 2803 magna
586 2729 762 2786 causa
790 2728 865 2785 sit
890 2727 1160 2805 neglecta
1188 2728 1455 2797 amicitia.
1794 2734 1858 2783 ἐξ»

271 2820 476 2898 Itaque
496 2842 643 2881 verae
667 2823 934 2882 amicitiae
955 2823 1289 2883 difficillime
1317 2824 1675 2899 reperiuntur
1703 2823 1762 2879 in

192 2916 265 2975 iis
307 2918 408 2992 qni
461 2918 522 2976 in
568 2919 892 2993 *honoribus
937 2938 1112 2995 reque
1163 2918 1396 2995 publica
1448 2927 1758 2975 versantur.

193 3012 307 3073 Ubi
333 3014 490 3073 enim
516 3014 689 3074 istum
717 3014 993 3088 invenias,
1023 3015 1123 3091 qui
1162 3015 1439 3071 honorem
1469 3009 1638 3069 amici
1669 3028 1764 3066 an·
