2159 3400
280 189 361 251 70
719 200 996 259 nmmos,
1031 196 1182 246 sive
1217 199 1305 245 m:
1339 180 1659 251 AMICITIA.

449 349 842 426 Quapropter,
859 367 892 406 a
911 346 1119 406 natura
1137 345 1281 404 mihi
1303 347 1525 406 ridetur
1546 347 1767 422 potiuS,
1787 366 1966 423 quam

376 447 447 504 ab
469 444 811 522 indigentia,
834 453 961 507 orta
981 443 1262 516 amicitia,
1280 453 1338 501 et
1359 443 1752 520 applicatione
1763 445 1966 523 *magis

376 541 553 601 animi
582 560 716 599 cum
745 541 996 616 quodam
1022 559 1198 601 sensu
1235 540 1491 613 amandi,
1522 559 1700 615 quam
1742 541 1965 618 cogita-

375 637 553 709 tione,
582 648 860 713 quantum
902 636 1003 695 illa
1041 655 1133 695 res
1175 636 1441 694 utilitatis
1481 646 1634 693 esset
1670 637 1962 695 habitura.

314 750 346 801 5
374 732 557 833 Quod
599 734 831 810 quidem
859 734 1027 809 quale
1055 733 1151 805 sit,
1179 733 1356 793 etiam
1397 733 1458 790 in
1498 733 1701 791 bestiis
1728 734 1965 809 quibus-

372 830 511 888 dam
561 830 934 888 animadverti
980 839 1218 906 potest;
1279 848 1406 904 quae
1446 848 1519 887 ex
1558 849 1626 903 se
1662 840 1836 888 natos
1883 831 1966 889 ita

379 937 573 986 amant
603 928 673 985 ad
702 927 991 1003 quoddam
1011 937 1256 1002 tempus,
1278 937 1337 984 et
1366 927 1438 984 ab
1464 926 1550 985 eis
1570 927 1652 985 ita
1662 937 1967 999 amantur,-

379 1035 445 1082 ut
471 1024 642 1083 facile
670 1043 868 1085 earum
896 1043 1099 1081 sensus
1129 1033 1397 1099 appareat
1427 1043 1439 1080 :
1483 1023 1659 1099 quod,
1690 1023 1752 1081 in
1782 1024 1965 1082 homi-

379 1141 475 1194 ne,
496 1122 679 1180 multo
706 1130 795 1179 est
815 1120 1167 1179 evidentius:
1204 1119 1478 1196 primum,
1497 1137 1571 1176 ex
1596 1118 1668 1176 ea
1697 1120 1963 1192 car-itate,

290 1234 351 1284 10
382 1237 508 1293 quae
536 1228 624 1276 est
651 1217 799 1275 inter
827 1226 994 1276 natos
1022 1226 1081 1275 et
1107 1221 1375 1292 parentes
1397 1235 1412 1286 ;
1456 1234 1584 1290 quae
1612 1215 1834 1288 dirimi,
1854 1215 1965 1274 nisi

381 1313 707 1372 detestabili
729 1314 967 1385 scelere,
990 1331 1110 1371 non
1129 1321 1346 1388 potest:
1390 1302 1626 1383 deinde,
1644 1316 1783 1369 cum
1812 1312 1972 1370 simi-

383 1410 455 1467 lis
482 1428 685 1487 sensus
710 1409 930 1467 exstitit
959 1409 1190 1481 amoris,
1214 1408 1263 1466 si
1294 1408 1541 1485 aliquem
1560 1408 1721 1467 nacti
1743 1428 1968 1481 sumus,

384 1505 549 1581 cujus
577 1492 711 1563 cum
740 1506 996 1563 moribus
1036 1516 1096 1570 et
1135 1505 1343 1564 natura
1370 1523 1781 1583 congruamus,
1811 1505 1968 1581 quod

384 1601 445 1658 in
485 1617 557 1658 eo
597 1601 761 1676 quasi
799 1601 996 1659 lumen
1035 1601 1267 1677 aliquod
1293 1600 1612 1678 probitatis*
1637 1611 1697 1658 et
1739 1600 1967 1660 virtutis

293 1717 354 1768 15
382 1698 711 1774 perspicere
739 1698 1053 1757 videamur.
1155 1687 1159 1690 Δ
1994 1692 1998 1695 ’

463 1792 629 1852 Nihil
671 1804 759 1852 est
797 1795 954 1853 enim
996 1779 1299 1853 amabilius
1325 1795 1569 1866 virtute3
1612 1793 1782 1867 nihil,
1812 1794 1969 1871 quod

385 1891 571 1970 magis
600 1891 814 1951 alliciat
844 1892 914 1952 ad
943 1891 1333 1969 diligendum:
1375 1892 1586 1967 quippe
1614 1910 1771 1964 cum,
1799 1909 1968 1968 prop-

387 2001 474 2048 ter
503 1989 770 2065 virtutem
807 1998 865 2046 et
899 1988 1266 2064 probitatem,
1293 2006 1396 2046 eos
1423 1988 1617 2060 etiam,
1647 2007 1795 2063 quos
1822 2007 1969 2046 nun-

389 2105 560 2162 quam
599 2085 866 2157 vidimu8‚
897 2077 1147 2160 quodam
1190 2084 1364 2142 modo
1401 2083 1729 2161 diligamus,
1811 2083 1974 2147 Quis

295 2193 358 2243 20
389 2193 496 2255 est,
526 2182 625 2258 qui
663 2182 732 2239 C.
764 2181 1041 2254 Fabricii,
1071 2179 1154 2237 M'
1186 2180 1371 2252 Curii,
1400 2200 1517 2239 non
1553 2198 1688 2237 cum
1725 2181 1969 2240 caritate

392 2279 584 2354 aliqua
623 2288 682 2335 et
723 2276 1128 2335 benevolentia
1166 2276 1503 2334 memoriam
1536 2285 1793 2352 usurpet,
1823 2296 1970 2353 quos

389 2391 685 2447 nunquam
713 2370 958 2432 viderit?
1037 2372 1195 2434 Quis
1237 2383 1429 2432 autem
1457 2382 1564 2444 est,
1594 2372 1693 2447 qui
1719 2372 1972 2449 Tarqui-

389 2468 552 2526 nium
594 2467 938 2542 Superbum,
968 2468 1068 2543 qui
1106 2469 1204 2543 Sp.
1236 2467 1524 2540 Cassium,
1554 2468 1652 2543 Sp.
1683 2466 1970 2540 Maelium,

390 2582 509 2624 non
552 2562 782 2621 oderit'l
864 2564 1016 2621 Cum
1057 2563 1283 2621 duobus
1324 2562 1573 2621 ducibus
1612 2564 1684 2622 de
1725 2564 1970 2641 imperio

297 2662 361 2713 ⁶25
392 2660 452 2718 in
493 2657 666 2716 Italia
706 2659 1066 2717 decertatum
1098 2669 1206 2730 est,
1234 2659 1456 2733 Pyrrho
1497 2670 1556 2717 et
1598 2659 1968 2719 Hannibale:

393 2756 465 2814 ab
514 2753 713 2836 alterO,
760 2764 992 2829 propter
1038 2754 1382 2828 probitatem
1431 2755 1579 2831 ejus,
1624 2775 1744 2813 non
1797 2756 1978 2814 nimis

395 2850 613 2907 alienos
650 2849 872 2905 animos
909 2849 1223 2906 habemus:
1268 2848 1532 2923 alterum,
1566 2863 1803 2929 propter
1846 2869 1973 2911 cru·

394 2944 705 3013 delitatem,
735 2960 958 3017 semper
985 2942 1113 3000 haec
1141 2942 1343 3002 civitas
1370 2944 1571 3004 oderit.
