2159 3400
301 199 382 260 28
868 213 1045 260 caro
1076 212 1309 272 Maron,
1346 212 1473 260 ssu
1533 199 1538 204 “

394 360 669 421 desidero.
751 360 976 419 Adsum
1005 360 1237 421 amicis:
1280 360 1446 419 venio
1473 359 1533 418 in
1561 340 1830 419 senatum
1861 360 1980 418 fre-

390 475 591 534 quens,
619 456 880 532 ultroque
902 458 1093 525 ,affero
1132 476 1224 515 res
1250 457 1492 515 multum
1529 466 1590 515 et
1616 455 1719 515 diu
1749 458 1974 535 cogita-

391 563 510 623 tas;
553 572 763 629 easque
801 563 965 612 tueor
1007 553 1202 645 animi,
1244 572 1378 611 non*
1404 553 1681 629 corporis,
1725 554 1966 613 viribus,

389 647 542 710 Quae
583 649 632 706 si
672 649 905 725 exsequi
943 649 1260 727 nequirem,
1315 659 1508 707 tamen
1561 667 1654 706 me
1708 649 1966 707 lectulus

329 761 362 810 5
389 744 704 803 oblectaret
741 764 924 819 meua,
967 764 1037 805 ea
1075 746 1201 822 ipsa
1238 746 1612 823 cogitantem,
1656 764 1784 821 quae
1837 745 1962 822 jam

391 859 561 918 agere
589 860 707 899 non
732 860 989 918 possem:
1019 842 1140 913 sed,
1158 852 1222 900 ut
1246 841 1479 917 possim,
1504 841 1643 899 facit
1671 852 1803 899 acta
1821 842 1954 900 vita.

307 990 311 994 .
391 937 630 1013 Semper
671 938 825 995 enim
868 938 927 996 in
968 937 1057 995 his
1085 937 1289 995 studiis
1315 936 1716 1012 laboribusque
1744 937 1956 996 viventi

388 1052 503 1092 non
544 1033 899 1113 intelligitur,
940 1034 1168 1112 quando
1203 1034 1443 1110 obrepat
1482 1043 1768 1092 senectus,
1863 1031 1956 1091 Ita

162 1155 233 1178 ⁶-
386 1131 602 1191 sensim
657 1131 782 1189 sine
836 1130 1036 1220 sensu)
1061 1140 1198 1189 aetas
1250 1129 1532 1187 senescit:
1600 1148 1713 1186 nec
1766 1128 1958 1189 subito

299 1228 359 1279 10
389 1227 702 1305 fiangitu13
744 1227 846 1286 sed
875 1225 1673 1303 diuturnitateexstinguitur.
1757 1286 1763 1293 ,

464 1418 605 1477 XII.
689 1419 959 1495 Sequitur
1004 1420 1186 1479 tertia
1222 1419 1561 1497 vituperatio
1614 1419 1951 1493 senectutis,

386 1514 540 1591 quod
579 1534 709 1573 eam
750 1534 947 1574 carere
987 1514 1189 1574 dicunt
1230 1517 1627 1594 voluptatibus.
1708 1515 1766 1574 O
1811 1533 1958 1592 prae-

385 1611 604 1669 clarum
629 1630 838 1670 munus
864 1613 1066 1684 aetatiS,
1096 1613 1146 1670 si
1171 1613 1401 1689 quidem
1441 1612 1504 1679 id
1543 1612 1725 1670 aufert
1764 1611 1951 1685 nobis,

295 1717 356 1766 15
386 1707 539 1783 quod
578 1717 666 1765 est
704 1708 764 1765 in
808 1708 1196 1768 adolescentia
1236 1708 1691 1772 vitiosissimum!
1776 1708 1953 1766 Acci-

383 1803 503 1881 pite
543 1805 718 1878 enim,
760 1805 970 1887 optimi=
1003 1806 1418 1879 adolescentes,
1451 1815 1703 1864 veterem
1743 1805 1952 1866 oratio-

383 1921 515 1983 nem
570 1902 842 1978 Archytae
896 1902 1225 1975 Tarentini,
1279 1903 1475 1981 magni
1527 1902 1588 1960 in
1640 1901 1840 1978 primis
1890 1911 1950 1960 et

381 2001 643 2077 praeclari
682 1999 820 2071 viri3
860 2020 987 2077 quae
1028 1999 1170 2059 mihi
1209 1999 1418 2058 tradita
1455 2009 1561 2072 est,
1590 2018 1723 2058 cum
1764 2017 1946 2058 essem

385 2097 719 2156 adolescens
758 2096 1002 2155 Tarenti
1043 2116 1176 2156 cum
1214 2096 1296 2159 Q.
1339 2095 1613 2155 Maximo.
1710 2094 1948 2154 Nullam

290 2209 354 2259 20
385 2194 776 2270 capitaliorem
804 2205 1056 2270 pestem,
1085 2212 1255 2271 quam
1296 2192 1553 2269 corporis
1580 2192 1945 2269 voluptatem,

384 2289 712 2349 hominibus
739 2290 970 2349 dicebat
999 2310 1032 2348 a
1066 2291 1272 2349 natura
1299 2289 1522 2360 datam3
1566 2289 1730 2365 cujus
1757 2289 1946 2365 volup-

383 2385 518 2443 tatis
547 2386 723 2444 avidae
750 2385 1021 2458 libidines
1059 2396 1278 2444 temere
1306 2394 1372 2443 et‘
1403 2385 1677 2443 effrenate
1706 2385 1778 2442 ad
1805 2383 1947 2461 poti-

385 2480 603 2540 undum
643 2482 1037 2541 incitarentur.
1136 2482 1298 2540 Hinc
1335 2481 1531 2557 patriae
1571 2479 1942 2556 proditiones,

208 2554 225 2663 Ι
384 2577 521 2637 hinc
586 2578 1137 2653 rerumpublicarum
1204 2577 1545 2647 eversiones,
1611 2575 1750 2638 hinc
1816 2594 1944 2635 cum

290 2676 354 2727 25
384 2673 645 2732 hostibus
697 2672 1059 2731 clandestina
1111 2659 1400 2748 colloquia
1463 2672 1659 2730 nasci:
1727 2672 1943 2732 nullum

287 2797 290 2803 Δ
385 2767 633 2843 denique
672 2769 880 2840 scelus»,
921 2767 1143 2826 nullum
1184 2768 1395 2824 malum
1437 2766 1662 2825 facinus
1701 2787 1848 2840 esse,
1879 2765 1945 2825 ad

383 2862 544 2937 quod.
573 2862 1001 2937 suscipiendum
1041 2881 1157 2920 non
1196 2862 1375 2920 libido
1410 2862 1715 2940 voluptatis
1754 2862 1946 2939 impel-

384 2955 558 3027 leret3
602 2965 797 3031 stupra
844 2976 997 3031 vero,
1043 2968 1103 3015 et
1152 2958 1449 3034 adulteria,
1497 2970 1556 3018 et
1609 2978 1781 3019 omne
1834 2959 1945 3019 tale
