2159 3400
327 250 409 311 92
756 261 1043 321 MELIUS,
1079 259 1244 309 swn-
1266 260 1353 307 nn
1388 259 1708 309 Anum-ru.

497 411 757 475 Tantum
802 421 993 469 autem
1037 391 1249 486 edique
1296 396 1690 482 tribuendum,
1731 410 1997 487 primum,

418 518 696 587 quantum
723 508 845 584 ipse
862 508 1094 566 efficere
1115 507 1302 585 possis
1319 527 1334 578 3
1377 507 1590 564 deinde
1610 508 1811 581 etiam,
1832 504 1999 583 quan-

417 616 538 664 tum
580 605 696 677 ille,
727 622 898 680 quem
939 605 1151 683 diligas
1192 614 1362 679 atque
1402 603 1656 681 adjuves,
1697 604 1998 663 sustinere.

416 701 557 760 Non
585 701 741 761 enim
767 711 831 761 tu
857 703 1064 779 possis,
1094 701 1462 777 quantumvis
1499 701 1777 775 excellas,
1805 701 2002 763 omnes

354 814 387 863 5
415 809 547 857 tuos
576 799 647 857 ad
675 799 927 857 honores
948 797 1329 875 amplissimos
1344 797 1695 874 perducere3
1717 809 1787 857 ut
1807 799 2003 875 Scipio

415 895 480 953 P.
504 895 796 954 Rutilium
816 896 1005 972 potuit
1033 896 1335 954 consulem
1351 895 1604 968 effic-ere,
1618 895 1867 957 'stattem
1887 895 2005 973 ejus

416 982 667 1052 Lucium
693 1012 814 1052 non
838 993 1043 1070 potuit.
1125 980 1308 1054 Qu'od
1336 991 1385 1050 si
1410 992 1602 1050 etiam
1627 994 1822 1069 possis
1849 993 2006 1070 quid·

417 1089 502 1148 vis
523 1089 746 1149 deferre
776 1089 847 1148 ad
877 1089 1139 1161 alterum,
1167 1087 1478 1146 videndum
1506 1098 1595 1145 est
1620 1098 1842 1163 tamen,
1872 1088 2006 1166 quid

324 1256 399 1274 ....
417 1187 515 1246 ille
540 1187 725 1263 possit
756 1187 1057 1245 sustinere.
1891 1251 1904 1257 ,

327 1296 390 1346 10
495 1283 755 1343 Omnino
799 1283 1089 1355 amicitiae‚
1119 1282 1508 1340 corroboratis
1542 1282 1665 1360 jam
1705 1284 2007 1342 confirma·

415 1380 603 1456 tisque
648 1390 708 1438 et
750 1380 1001 1457 ingeniis
1047 1389 1107 1437 et
1141 1379 1431 1451 natibus,
1463 1378 1799 1456 judicandae
1837 1394 2005 1438 sunt:

416 1495 548 1549 nee,
577 1477 628 1535 si
655 1477 772 1552 qui,
801 1477 1040 1536 ineunte
1079 1486 1267 1550 aetate,
1295 1468 1543 1535 venandi
1585 1484 1685 1534 aut
1719 1476 1862 1552 piloe
1893 1488 2006 1536 stu·

418 1572 567 1630 diosi
597 1572 828 1646 fuerint,
850 1592 949 1632 eos
969 1573 1183 1632 habere
1210 1573 1565 1633 neeessarios
1586 1583 1840 1650 oportet,
1865 1593 2005 1650 quos

417 1677 542 1726 tum
569 1667 776 1727 eodem
797 1668 990 1728 studio
1015 1669 1289 1746 praeditos
1311 1669 1668 1729 dilexerunt:
1712 1669 1830 1729 isto
1851 1671 2005 1730 enim

329 1782 391 1832 15
420 1765 594 1823 modo
622 1767 879 1825 nutrices
917 1777 978 1825 et
1014 1767 1338 1846 paedagogi,
1361 1767 1491 1843 jure
1531 1761 1860 1841 vetustatis,
1886 1769 2003 1846 plu-

419 1863 628 1922 rimum
650 1864 1066 1923 benevolentiae
1093 1865 1503 1941 postulabunt:
1547 1864 1645 1940 qui
1667 1865 2000 1942 negligendi

420 1960 654 2038 quidem
682 1980 802 2020 non
829 1972 983 2034 sunt,
1007 1962 1110 2022 sed
1133 1962 1246 2020 alio
1269 1961 1521 2037 quodam
1548 1960 1726 2018 modo
1751 1961 1997 2021 colendi.

421 2059 610 2119 Aliter
652 2060 921 2117 amicitiae
962 2058 1198 2118 stabiles
1234 2076 1572 2135 permanere
1598 2076 1718 2115 non
1743 2069 1996 2133 possunt.

420 2155 698 2233 Dispares
723 2157 878 2215 enim
907 2149 1395 2231 more3‚‘disparia
1424 2154 1633 2226 studia,
1662 2167 1996 2230 sequuntur,

328 2268 392 2319 20
421 2272 662 2328 quorum
686 2253 1093 2312 dissimilitudo
1111 2253 1386 2310 dissociat
1416 2251 1732 2310 amicitias:
1775 2253 1998 2325 nee,ob

421 2349 592 2407 aliam
646 2368 881 2408 eausam
947 2349 1143 2421 ullam,
1198 2347 1338 2406 boni
1404 2347 1700 2423 improbis,
1755 2347 1997 2424 improbi

420 2444 607 2517 bonis,
643 2445 816 2503 amiei
858 2463 986 2521 esse
1028 2463 1148 2504 non
1185 2454 1446 2522 possunt,
1490 2443 1602 2502 nisi
1645 2443 1801 2520 quod
1846 2453 1998 2504 tanta

418 2550 506 2599 est
533 2540 681 2599 inter
709 2557 831 2614 eoS,
861 2552 1076 2616 quanta
1115 2542 1364 2600 maxima
1388 2549 1576 2618 potest
1602 2559 1749 2613 esse,
1778 2560 1996 2601 morum

418 2636 853 2712 studiorumque
879 2637 1169 2696 distantia.

326 2741 395 2792 25
500 2733 694 2792 Recte
733 2733 908 2792 etiam
955 2733 1194 2808 praeeipi
1234 2745 1425 2809 potest
1470 2734 1531 2792 in
1580 2734 1873 2807 amicitiis,
1926 2755 1994 2795 ne

424 2830 802 2904 intemperata
826 2826 1091 2902 quoedam
1111 2827 1514 2888 benevolentia
1536 2830 1720 2908 (quod
1747 2850 1994 2910 persaepe

422 2923 514 3004 fit)
544 2924 820 2999 impediat
855 2942 1096 2999 magnas
1136 2921 1411 2982 utilitates
1452 2926 1790 2986 amicorum.
1871 2928 1994 2988 Neo

423 3020 580 3077 enim
611 3017 703 3096 (ut
730 3017 802 3076 ad
844 3018 1065 3076 fabulas
1105 3016 1365 3097 redeam)
1407 3018 1651 3096 Trojam
1689 3022 1750 3080 N
1754 3025 1994 3102 eoptole-
