2159 3400
288 214 370 279 ³2
811 215 989 273 cuo
1031 218 1265 282 mma,
1293 210 1420 272 SE'U

381 374 613 451 Magum
655 370 862 430 Matris
904 371 1177 449 acceptis.
1270 366 1563 447 Epulabtr
1606 355 1789 449 igitulb
1830 384 1984 432 cuin
2094 412 2096 495 γ

381 457 675 528 sodalibus
696 468 934 526 omnino
961 468 1215 539 modice3
1243 468 1348 527 s'ed
1376 477 1500 525 erat
1520 467 1754 544 quidam
1773 467 1983 529 ssrvor
2096 516 2098 553 χ

383 564 600 623 astatis:
666 562 782 640 qussfi
832 565 1260 642 progrediente,
1311 562 1509 622 omnia
1527 562 1707 622 fiunt
1773 548 1981 624 indies

382 661 646 719 mitiora:
709 676 897 738 neque
937 661 1092 719 enim
1134 660 1386 738 ipsorum
1425 660 1828 719 conviviorum
1865 662 1981 720 de-

318 764 355 816 5
380 757 750 816 lectationem
790 757 1178 835 voluptatibus
1217 756 1477 834 corporis
1528 757 1734 837 magis,
1789 766 1978 834 quam

382 864 536 913 coetu
567 854 882 914 amicorum
909 862 968 912 et
1007 852 1387 926 sermonibuS,
1416 853 1712 911 metiebar.
1800 842 1974 912 Bene

382 950 541 1009 enim
608 950 852 1029 majores
917 950 1100 1009 nostri
1167 950 1596 1009 accubitionem
1663 950 1972 1027 epularem

210 1089 231 1177 Ι
386 1047 722 1121 amicorum,
775 1048 913 1126 quia
961 1048 1093 1106 vitae
1157 1047 1630 1124 conjunctionem
1698 1046 1967 1121 haberet,

384 1146 698 1204 convivium
736 1142 1127 1219 nominarunt,
1156 1144 1380 1218 melius,
1410 1156 1581 1219 quam
1618 1142 1837 1217 Graeci,
1867 1144 1967 1221 qui

294 1253 357 1303 10
385 1241 500 1300 hoc
546 1243 696 1300 idem
745 1252 867 1300 tum
915 1242 1382 1319 amputationem,
1425 1249 1549 1298 tuin
1597 1236 1968 1299 conminatio-

382 1352 521 1409 nem,
570 1347 810 1407 vocant3
853 1346 936 1409 ut,
978 1336 1133 1413 quod
1173 1336 1234 1395 in
1274 1355 1347 1394 eo
1393 1353 1606 1415 genere
1652 1337 1966 1396 minimum

384 1441 490 1504 est,
520 1432 579 1489 id
606 1432 852 1490 maxime
877 1433 1122 1509 probare
1148 1432 1466 1492 videantur.

463 1623 629 1684 XIV.
713 1624 843 1704 Ego
888 1644 1044 1701 vero,
1096 1636 1328 1705 propter
1382 1627 1664 1686 sermonis
1710 1627 1969 1687 delecta·
2049 1622 2054 1631 ¹

384 1722 623 1795 tionem,
665 1723 1017 1800 tempestivis
1068 1733 1306 1801 quoque·
1344 1725 1625 1783 conviviis
1676 1725 1966 1798 delector,

295 1832 357 1883 15
386 1837 497 1877 nec
526 1838 658 1877 cum
688 1820 999 1896 aequalibus
1038 1821 1224 1880 solum
1268 1820 1394 1897 (qui
1432 1820 1606 1899 pauci
1649 1814 1967 1881 admodum

387 1917 654 1996 restant),
708 1916 809 1973 sed
875 1936 1009 1977 cum
1063 1917 1251 1976 vestra
1303 1918 1477 1976 etiam
1544 1927 1732 1990 oetate,
1792 1926 1967 1995 atque

385 2012 717 2071 vobiscum:
760 2012 1057 2090 habeoque
1085 2013 1371 2072 senectuti
1398 2032 1666 2091 magnam
1693 2014 1965 2091 gratiam,

385 2127 511 2185 quae
552 2110 695 2168 mihi
735 2110 1017 2169 sermonis
1059 2110 1386 2169 aviditatem
1418 2110 1592 2182 auxit,
1617 2110 1876 2187 potionis
1903 2118 1964 2167 et

387 2205 506 2263 cibi
546 2207 791 2264 sustulit.
873 2205 1054 2269 Quod
1104 2207 1154 2265 si
1194 2225 1362 2283 quem
1403 2207 1577 2264 etiam
1619 2206 1732 2264 ista
1772 2205 1965 2264 delec-

290 2305 354 2355 20
386 2311 530 2373 tant,
563 2299 665 2380 (ne
702 2303 939 2362 omnino
980 2303 1191 2362 bellum
1235 2303 1509 2362 indixisse
1536 2295 1729 2361 videar
1770 2303 1964 2379 volup-

385 2397 510 2470 tati,
553 2397 719 2475 cujus
758 2410 846 2457 est
885 2399 1060 2457 etiam
1102 2399 1342 2458 fortasse
1396 2399 1627 2475 quidam
1682 2399 1964 2457 naturalis

386 2495 619 2575 modus)
661 2514 780 2552 non
821 2495 1103 2574 intelligo,
1145 2516 1221 2554 ne
1257 2496 1317 2554 in
1358 2496 1482 2553 istis
1508 2496 1739 2572 quidem
1766 2496 1962 2571 volup-

384 2591 598 2651 tatibus
620 2592 777 2668 ipsis,
808 2609 1005 2649 carere
1033 2612 1206 2650 sensu
1237 2601 1612 2650 senectutem.
1697 2591 1800 2650 Me
1828 2611 1962 2651 vero

385 2697 444 2744 et
472 2688 801 2763 magisteria
828 2686 1137 2760 delectant,
1169 2707 1203 2745 a
1228 2686 1539 2763 majoribus
1570 2688 1867 2758 instituta3
1905 2697 1965 2746 et

290 2785 355 2834 25
388 2780 437 2848 is
477 2799 683 2851 sermo,
727 2782 844 2855 qui,
875 2800 1033 2838 more
1073 2783 1374 2856 majorum,
1407 2801 1440 2839 a
1474 2803 1700 2842 summo
1728 2785 1965 2842 adhibe-

386 2884 478 2931 tur
517 2873 577 2930 in
617 2875 875 2948 poculis;
919 2885 976 2932 et
1014 2876 1246 2951 pocula,
1276 2877 1428 2936 sicut
1456 2879 1516 2937 in
1539 2886 1578 2914 “
1598 2881 1908 2956 Symposio
1925 2881 1960 2908 ’'

386 2961 812 3041 Xenophontis,
854 2969 1095 3044 minuta,
1140 2982 1308 3049 atque
1360 2975 1615 3033 rorantia
1630 2995 1645 3045 ;
1687 2985 1747 3033 et
1802 2975 1964 3034 refri-
