2159 3400
507 256 782 317 manue,
812 257 961 305 sive
995 256 1083 305 DE
1122 257 1438 305 Amor-ru.
1776 245 1855 306 7²3

180 414 390 481 potest,
436 403 660 462 idcirco
699 424 847 463 verae
889 405 1159 464 amicitiae
1207 406 1569 483 sempiternas
1610 416 1760 464 sunt.

180 500 398 561 Ortum
445 500 679 577 quidem
734 492 1002 560 amicitiae
1050 502 1277 576 videtis,
1325 502 1435 561 nisi
1493 502 1633 579 quid
1693 503 1764 560 ad

182 599 312 656 haec
356 599 503 656 forte
544 598 732 656 vultis.
786 644 789 649 .

263 690 548 752 Fannius.
641 690 741 759 Tu
794 713 931 757 vero
981 714 1179 772 perge,
1235 695 1390 754 L'aeli
1407 716 1423 754 ε
1490 715 1597 772 pro
1651 696 1765 754 hoc

181 791 364 863 enim,
393 790 490 866 qui
520 791 709 870 minor
736 801 824 849 est
850 801 1010 863 natu,
1038 810 1170 850 meo
1192 791 1320 869 jure
1347 793 1684 868 respondeo,
1794 799 1839 848 5

265 887 540 946 Scaevola.
623 887 815 963 Recte
855 897 918 945 tu
956 888 1224 964 quidem:
1268 890 1642 965 quamobrem
1672 909 1773 948 au·

183 983 434 1043 diamuS.

265 1177 346 1235 X.
430 1178 666 1238 Loelins.
748 1177 969 1237 Audite
1022 1196 1185 1256 ergo,
1240 1177 1444 1254 optimi
1500 1177 1626 1249 viri,
1676 1196 1766 1249 ea,

183 1293 318 1350 quae
347 1273 657 1350 saepissime
696 1274 845 1331 inter
881 1293 974 1332 me
1008 1284 1068 1332 et
1106 1274 1439 1351 Scipionem
1469 1273 1542 1331 de
1572 1273 1774 1332 amici-

182 1371 272 1428 tia
319 1370 779 1429 disserebantur:
823 1390 1150 1446 quanquam
1197 1371 1298 1429 ille
1342 1370 1576 1446 quidem
1622 1370 1778 1428 nihil*
1800 1381 1871 1430 10-

183 1466 482 1525 difficilius
510 1486 635 1525 esse
664 1466 913 1540 dicebat,
943 1487 1116 1543 quam
1145 1467 1458 1526 amicitiam
1486 1463 1667 1542 usque
1697 1467 1779 1525 ad·

183 1573 508 1623 extremum
555 1563 685 1621 vitae
738 1582 1092 1640 permanere.
1175 1564 1236 1622 N
1241 1584 1352 1637 am,
1400 1564 1488 1622 vel
1538 1575 1602 1623 ut
1648 1583 1767 1623 non

186 1659 345 1727 idem
367 1660 681 1736 .expediret
719 1660 968 1737 utrique,
1011 1654 1272 1721 incidere
1311 1681 1459 1739 saepe
1488 1682 1503 1734 ;
1574 1662 1662 1722 vel
1705 1672 1770 1720 ut

185 1756 264 1814 de
305 1757 603 1832 republica
642 1776 762 1815 non
802 1757 956 1816 idem
996 1758 1308 1829 sentirent3
1351 1757 1559 1817 mutari
1592 1759 1768 1817 etiam

186 1871 382 1911 mores
416 1853 740 1932 ‘hominum
794 1873 946 1931 saepe
1000 1855 1250 1928 dicebat,
1309 1856 1448 1914 alias
1517 1855 1777 1914 adversis·
1799 1867 1859 1915 15

189 1950 386 2021 rebus,
417 1949 555 2007 alias
597 1960 762 2008 aetate
804 1950 1255 2028 ingravescente.
1340 1951 1535 2026 Atque
1568 1969 1768 2008 earum

186 2065 395 2108 rerum·
412 2047 737 2122 exemplum
764 2066 836 2105 ex
863 2046 1239 2105 similitudine
1276 2047 1541 2122 capiebat
1569 2046 1770 2104 ineun-

185 2143 266 2202 tis
308 2142 511 2215 aetatis,
554 2143 707 2218 quod
750 2142 959 2201 summi
997 2161 1308 2218 puerorum
1352 2160 1575 2199 amores
1616 2160 1768 2219 saepe

186 2239 310 2297 una
338 2257 471 2296 cum
497 2240 774 2315 praetextd
799 2249 1167 2315 ponerentur.
1748 2225 1752 2229 ⁸

271 2336 379 2394 Sin
448 2346 635 2394 autem
706 2336 777 2393 ad
846 2335 1296 2394 adolescentiam
1347 2335 1766 2412 perduxissent,
1798 2348 1871 2398 20-

188 2432 388 2492 dirimi
427 2442 620 2490 tamen
662 2432 951 2490 interdum
992 2432 1386 2505 contentione,
1419 2431 1509 2489 vel
1553 2433 1768 2491 uxoriae

187 2528 568 2602 conditionis,
613 2529 703 2586 vel
752 2528 1073 2586 commodi
1099 2527 1363 2605 alicujus,
1412 2529 1567 2604 quod
1614 2529 1769 2588 idern

190 2624 437 2701 adipisci
465 2634 705 2701 uterque
738 2644 864 2683 non
902 2613 1113 2701 posset.
1194 2623 1377 2687 Quod
1418 2625 1467 2683 si
1507 2625 1607 2701 qui
1647 2626 1774 2683 lon·

188 2721 325 2800 gius
378 2721 439 2780 in
496 2721 752 2780 amicitia
803 2721 1062 2799 provecti
1111 2732 1321 2796 essent,
1371 2732 1563 2788 tamen
1619 2741 1768 2797 saepe

187 2816 547 2889 labefactari,
589 2818 637 2876 si
681 2817 741 2875 in
782 2818 1019 2877 honoris
1062 2818 1495 2877 contentionem
1536 2818 1770 2876 incidis·
1798 2830 1870 2878 25

188 2923 319 2974 sent
343 2933 356 2971 t
397 2924 620 2990 pestem
655 2914 811 2972 enim
838 2914 1116 2991 majorem
1142 2933 1269 2973 esse
1296 2914 1512 2971 nullam
1540 2914 1602 2972 in
1632 2911 1770 2969 ami-

190 3010 368 3084 citiis,
392 3029 564 3087 quam
592 3010 654 3069 in
680 3010 969 3087 plerisque
992 3010 1255 3087 pecuniae
1284 3007 1677 3083 cupiditatem,
1706 3004 1772 3061 in
