2159 3400
288 202 370 263 56
454 210 461 217 ‘
709 209 985 269 LAELIUS,
1021 209 1171 256 swa
1210 208 1298 255 DE
1338 208 1655 256 mermi.

382 377 570 419 essem
597 357 735 430 unzi,
762 368 824 415 et
849 357 1022 434 pauci
1052 357 1363 418 admodum
1390 357 1721 430 familiares,
1746 357 1810 417 in
1838 375 1972 439 eum

384 473 708 513 sermonem
739 454 901 512 illum
928 454 1210 529 incidere,
1239 455 1337 529 qui
1377 464 1501 515 tum
1541 454 1663 511 sere
1701 455 1973 514 omnibus

384 561 512 610 erat
550 551 612 609 in
651 570 770 609 ore.
863 549 1185 609 Meministi
1224 551 1382 609 enim
1419 550 1701 628 profecto,
1744 551 1968 624 Attice,

370 622 446 706 ’et
486 666 557 706 eo
595 648 799 725 magiS‚
830 647 982 723 quod
1022 647 1088 706 P.
1120 647 1384 724 Sulpicio
1424 648 1661 705 utebare
1702 647 1969 720 multum,

325 763 359 812 5
390 744 552 823 (cum
582 744 652 817 is,
674 744 940 803 tribunus
964 744 1171 821 plebiS,
1201 744 1434 820 capitali
1461 743 1600 801 odio
1629 763 1664 802 a
1686 742 1770 806 Q.
1802 744 1973 803 Pom-

387 841 541 919 peio,
584 842 684 918 qui
730 851 854 899 tum
899 851 1025 900 erat
1070 840 1300 912 consul,
1346 840 1670 913 dissideret,
1691 858 1972 916 squocum

389 938 863 1019 conjunctissime
909 947 969 996 et
1022 937 1414 995 amantissime
1460 936 1705 1017 vixerat)
1755 947 1975 1014 quanta

389 1024 683 1095 hominum
722 1045 876 1094 esset
909 1034 999 1093 vel
1042 1034 1366 1107 admiratio,
1394 1032 1481 1091 vel
1523 1034 1773 1109 querela.
1857 1033 1976 1092 Ita·

387 1150 500 1209 que
525 1143 649 1191 tum
677 1132 956 1204 Scaevola‚
987 1150 1122 1193 cum
1150 1131 1211 1189 in
1239 1150 1368 1189 eam
1397 1130 1579 1207 ipsam
1612 1130 1974 1189 mentionem

242 1231 360 1301 ο,10
390 1228 709 1301 incidisset,
756 1227 1023 1305 exposuit
1074 1227 1244 1285 nobis
1297 1245 1621 1285 sermonem
1665 1226 1844 1311 *Laelii
1901 1227 1976 1285 de

392 1323 667 1396 amicitia,
703 1324 958 1381 habitum
1003 1324 1075 1381 ab
1117 1322 1218 1381 illo
1258 1341 1477 1395 secum,
1515 1333 1575 1381 et
1611 1340 1745 1379 cum
1789 1322 1977 1382 altero

390 1438 626 1497 genero,
665 1418 734 1477 O.
776 1419 1022 1492 Fanni0,
1060 1417 1145 1477 M.
1184 1419 1325 1492 filio,
1361 1419 1565 1496 paucis
1600 1419 1806 1477 diebus
1841 1430 1979 1496 post

390 1525 633 1573 mortem
661 1515 944 1573 Africani.

469 1609 612 1688 Ejus
647 1611 1049 1688 disputationis
1075 1613 1391 1671 sententias
1417 1613 1709 1671 memorias
1736 1613 1977 1672 manda·

300 1721 362 1771 15
395 1708 480 1781 vi3
522 1728 664 1786 quas
691 1709 804 1770 hoc
831 1709 979 1767 libro
1006 1711 1243 1787 exposui
1284 1730 1415 1780 meo
1457 1711 1765 1769 arbitratu:
1808 1711 1976 1788 quasi

392 1806 548 1865 enim
571 1806 726 1882 ipsos
746 1806 946 1864 induxi
966 1806 1288 1882 loquenteS,
1311 1827 1386 1866 ne
1405 1808 1650 1884 Inquam
1668 1818 1728 1865 et
1747 1807 1975 1885 Inquit,

391 1904 600 1980 saepius
620 1903 1074 1980 interponeretur
1094 1925 1108 1976 ;
1155 1913 1344 1979 atque,
1367 1915 1451 1978 ut,
1473 1914 1743 1981 tanquam
1773 1924 1809 1963 a
1832 1924 1977 1981 prze-

390 2001 670 2074 sentibus,
707 2019 905 2059 coram
945 2001 1146 2059 haberi
1185 2020 1375 2062 sermo
1415 2001 1720 2060 videretur.
1819 2001 1976 2060 Cum

391 2097 548 2155 enim
594 2115 746 2173 saepe
792 2115 1022 2158 mecum
1066 2116 1287 2176 ageres,
1325 2108 1389 2155 ut
1424 2098 1499 2155 de
1536 2097 1793 2156 amicitia
1834 2099 1977 2157 scri·

297 2212 362 2263 20
392 2193 589 2251 berem
645 2193 879 2269 aliquid,
934 2194 1124 2272 digna
1164 2194 1308 2252 mihi
1360 2214 1474 2267 res,
1523 2213 1658 2254 cum
1712 2194 1975 2253 omnium

392 2288 746 2366 cognitione,
801 2298 922 2347 tum
976 2288 1173 2350 nostra
1229 2289 1634 2362 familiaritate,
1690 2290 1815 2348 visa
1867 2301 1971 2349 est.

391 2382 594 2460 Itaque
631 2385 744 2443 feci
779 2404 896 2445 non
934 2385 1165 2459 invitus,
1195 2396 1258 2445 ut
1282 2386 1616 2463 prodessem
1644 2386 1841 2446 multis
1872 2396 1974 2446 tuo

391 2490 613 2560 rogatu.
699 2482 837 2555 Sed,
879 2492 944 2540 ut
984 2482 1044 2541 in
1087 2489 1124 2516 “
1155 2482 1382 2541 Catone
1421 2481 1703 2559 Majore,'’
1746 2483 1848 2560 qui
1887 2494 1974 2542 est

391 2576 639 2654 scriptus
694 2575 766 2635 ad
819 2586 877 2635 te
931 2577 1005 2636 de
1056 2587 1376 2650 senectute,
1431 2577 1716 2636 Catonem
1774 2576 1974 2638 induxi

296 2679 362 2729 25
392 2692 587 2731 senem
631 2673 1038 2750 disputantem,
1071 2674 1209 2751 quia
1245 2674 1407 2732 nulla
1444 2674 1743 2733 videbatur
1788 2675 1973 2751 aptior

388 2787 656 2845 persona,
678 2787 805 2846 quae
831 2768 907 2826 de
935 2769 1036 2827 illa
1063 2779 1230 2827 aetate
1257 2770 1607 2847 loqueretur,
1628 2790 1801 2847 quam
1828 2771 1972 2849 ejus,

389 2863 489 2939 qui
527 2874 588 2922 et
626 2863 949 2923 diutissime
976 2884 1155 2924 senex
1181 2865 1401 2940 suisset,
1430 2876 1490 2925 et
1522 2868 1583 2927 in
1620 2868 1747 2945 ipsa
1774 2887 1976 2929 senec·

390 2969 514 3017 tute
532 2978 651 3037 prae
673 2960 898 3018 caeteris
918 2960 1235 3034 floruisset3
1269 2962 1378 3037 sic,
1396 2982 1530 3022 cum
1550 2964 1978 3042 accepissemus
