2159 3400
315 242 394 302 80
732 248 1019 311 mnus,
1043 246 1191 296 sm
1231 249 1317 295 DE
1358 246 1673 299 amerus.
1937 188 1964 222 ⁶

410 398 796 458 imbecillibus
836 397 1030 471 fortes,
1087 392 1388 476 flagitiosis
1427 397 1743 457 modestos.
1828 398 1991 477 Ergo

409 496 524 554 hoc
548 495 842 571 proprium
871 504 960 552 est
990 495 1169 552 animi
1191 496 1341 552 bene
1374 495 1698 568 constituti,
1727 506 1788 554 et
1806 496 1988 555 laetari

410 592 574 651 bonis
602 591 791 663 rebuS,
821 600 879 648 et
908 590 1105 649 dolere
1127 591 1444 649 contrariis,

484 688 901 760 Quamobrem,
931 687 980 746 si
1008 687 1166 746 eadit
1186 687 1246 745 in
1274 687 1592 763 sapientem
1622 686 1802 747 animi
1829 689 1987 749 dolor

347 806 380 855 5
412 784 537 864 (qui
556 785 818 861 profecto
847 785 1021 857 cadit,
1050 784 1165 842 nisi
1193 803 1266 842 ex
1303 784 1427 861 ejus
1471 784 1664 842 animo
1695 787 1988 863 *exstirpa-

408 892 525 940 tam
569 882 982 941 humanitatem
1029 881 1436 961 arbitremur),;
1480 900 1606 956 quae
1650 898 1835 940 causa
1880 893 1984 953 est,

410 996 516 1037 cur
537 979 850 1037 amicitiam
870 977 1127 1036 funditus
1142 976 1411 1035 tollamus
1432 996 1466 1034 e
1486 977 1629 1050 vitai,
1641 997 1719 1035 ne
1743 978 1998 1055 aliquas,

406 1085 639 1153 propter
661 1095 806 1148 eam,
837 1073 1218 1150 suscipiamus
1245 1073 1575 1132 molestias?
1642 1073 1813 1135 Quid
1831 1076 1982 1133 enim

410 1172 667 1245 interest,
715 1183 875 1230 motu
931 1171 1107 1230 animi
1160 1170 1406 1243 sublato,
1460 1188 1579 1228 non
1633 1171 1770 1229 dico
1837 1173 1981 1230 inter

318 1290 380 1340 10
410 1267 701 1327 hominem
729 1260 799 1326 et'
812 1269 1117 1345 pecudem,
1142 1268 1242 1324 sed
1271 1267 1422 1345 inter
1447 1267 1744 1338 hominem
1774 1280 1839 1326 et
1863 1286 1983 1326 sax·

409 1384 526 1437 um,
558 1375 655 1423 aut
679 1374 969 1437 truncum,
1017 1374 1115 1423 aut
1141 1363 1366 1440 quidvis
1408 1363 1640 1441 generis
1680 1363 1981 1440 ejusdem?

407 1458 615 1535 Neque
642 1461 796 1517 enim
825 1470 958 1518 sunt
985 1460 1081 1517 isti
1111 1459 1401 1531 audiendi,
1446 1459 1542 1535 qui
1582 1459 1856 1521 virtutem
1885 1461 1981 1518 du-

407 1572 530 1611 ram
558 1564 616 1612 et
656 1556 817 1631 quasi
857 1555 1100 1613 ferream
1137 1566 1276 1613 'esse
1315 1555 1547 1613 volunt:
1583 1575 1709 1630 quae
1748 1556 1979 1631 quidem

406 1659 514 1722 est,
544 1669 675 1709 cum
705 1650 897 1709 multis
923 1651 984 1709 in
1011 1653 1205 1724 rebus,
1233 1661 1355 1712 tum
1386 1646 1752 1724 inssamioitia,
1779 1662 1980 1711 tenera

316 1757 379 1808 15
414 1757 580 1824 atque
607 1748 924 1805 tractabilis
940 1769 955 1819 3
999 1758 1063 1807 ut
1090 1758 1149 1805 et
1176 1747 1343 1806 bonis
1374 1748 1546 1805 amici
1581 1749 1746 1824 quasi
1774 1749 1977 1808 diffun-

410 1845 638 1917 dantur,
667 1854 725 1902 et
752 1844 1132 1902 incommodis
1168 1844 1597 1904 contrahantur.
1676 1843 1976 1906 Quamob-

408 1960 531 2000 rem
577 1960 753 2019 angor
797 1940 924 2014 iste,
967 1940 1066 2017 qui
1096 1959 1202 2016 pro
1240 1939 1428 1997 amico
1470 1958 1622 2015 saepe
1661 1940 1975 2016 capiendus

408 2049 661 2112 est,·non
690 2047 913 2095 tantum
940 2037 1110 2108 valet,
1134 2036 1388 2094 uttollat
1413 2055 1448 2093 e
1476 2036 1594 2094 vita
1624 2036 1968 2109 amicitiam3

407 2156 525 2195 non
551 2136 700 2212 pluS,
728 2152 897 2211 quam
926 2143 990 2192 ut
1016 2133 1274 2206 virtuteS,
1317 2133 1451 2207 quia
1476 2133 1783 2192 nonnullas
1813 2152 1973 2193 curas

314 2250 378 2300 20
409 2243 467 2291 et
493 2232 785 2290 molestias
815 2231 1079 2302 afferunt,
1100 2229 1491 2306 repudientur.
1600 2229 1607 2238 ’

486 2421 652 2479 XIV.
735 2422 885 2479 Cum
943 2432 1134 2480 autem
1186 2421 1489 2486 contrahat
1533 2420 1848 2480 amicitiam
1886 2420 1970 2500 (ut

409 2536 581 2592 supra
608 2517 776 2596 dixi),
811 2518 860 2574 si
901 2538 1017 2593 qua
1063 2518 1411 2595 significatio
1458 2516 1685 2575 virtutis
1731 2517 1966 2590 eluceat,

410 2613 480 2671 ad
509 2632 675 2689 quam
708 2633 769 2670 se
797 2615 1000 2672 similis
1029 2613 1254 2674 animus
1284 2615 1551 2690 applicet,
1581 2623 1640 2670 et
1669 2613 1964 2693 adjungam

409 2710 467 2767 id
509 2728 640 2767 cum
685 2709 990 2786 contingit,
1042 2728 1200 2767 amor
1243 2711 1553 2782 exoriatur,
1593 2728 1836 2768 necesse
1872 2720 1962 2769 est.

314 2826 378 2875 25
405 2804 571 2866 Quid
599 2805 752 2862 enim
781 2814 897 2861 tam
928 2804 1257 2874 absurdum,
1305 2824 1474 2879 quam
1517 2806 1795 2864 delectari
1839 2806 1967 2864 mul-

407 2900 483 2957 tis
511 2900 776 2964 inanibus
802 2899 993 2969 rebus',
1022 2908 1087 2955 ut
1115 2897 1347 2971 honore,
1378 2909 1442 2957 ut
1489 2901 1697 2978 gloria,
1723 2911 1789 2960 ut
1807 2902 1968 2961 aedifi-

409 2994 521 3066 cio,
549 3005 611 3051 ut
638 2992 864 3065 vestitu,
910 2992 1182 3068 cultuque
1229 2997 1522 3070 corporis;
1568 2997 1766 3058 animo
1793 3009 1967 3058 autem
