2159 3400
308 241 390 303 fis
716 253 993 312 LAELms,
1030 252 1180 300 slvn
1228 252 1316 298 DE
1354 250 1671 298 monn.

402 409 522 459 tum
564 419 691 458 esse
731 400 1049 476 sapientem
1080 419 1095 459 t
1153 400 1260 458 sed
1301 409 1540 476 uterque
1583 399 1697 458 alio
1738 400 1996 477 quodam

398 497 612 555 modo:
655 496 891 568 Atilius,
920 497 1058 574 quia
1094 497 1351 574 prudens
1390 514 1519 554 esse
1558 496 1620 554 in
1656 496 1793 573 jure
1836 495 1993 554 civili

396 593 738 671 putabatu13
782 593 949 665 Cato,
976 593 1117 669 quia
1141 592 1450 651 multarum
1476 610 1670 650 rerum
1696 611 1873 650 usum
1899 592 1997 651 ha-

320 744 386 768 ,-
403 689 590 746 bebat.
652 687 841 747 Multa
859 689 1012 771 ejus,
1034 700 1095 747 et
1115 690 1175 747 in
1195 699 1399 747 senatu
1422 698 1481 746 et
1500 688 1561 745 in
1584 688 1729 762 foro,
1753 689 1846 746 vel
1866 707 1996 766 pro-

311 793 345 841 5
404 784 524 843 visa
561 786 893 861 prudenter,
921 786 1011 844 vel
1042 796 1175 844 acta
1214 795 1567 856 constanter,
1595 784 1686 842 vel
1713 802 1995 862 responsa

404 891 594 954 acute,
637 881 981 940 ferebantur.
1076 881 1412 958 Propterea,
1453 881 1619 958 quasi
1660 900 1992 959 cognomen

397 978 515 1058 jam
557 979 805 1037 habebat
844 979 905 1037 in
945 988 1248 1039 senectute
1289 977 1585 1054 sapientis.
1668 977 1770 1036 Te
1799 989 1993 1037 autem

402 1075 518 1134 alio
545 1077 794 1153 quodam
829 1074 1005 1135 modo
1045 1075 1268 1147 dicunt,
1296 1093 1417 1132 non
1457 1074 1643 1133 solum
1682 1074 1895 1133 natura
1934 1085 1993 1133 et

401 1174 679 1247 moribus,
725 1193 924 1233 verum
971 1173 1148 1231 etiam
1195 1172 1388 1230 studio
1428 1181 1486 1229 et
1526 1171 1818 1245 doctrina,
1864 1190 1993 1230 esse

311 1275 374 1327 10
400 1271 721 1348 sapientem
735 1292 751 1342 ;
785 1290 899 1328 nec
926 1269 1080 1328 sicut
1100 1269 1324 1347 vulgus,
1347 1268 1449 1327 sed
1478 1278 1544 1326 ut
1569 1267 1783 1327 eruditi
1805 1268 1995 1327 solent

403 1368 691 1444 appellare
741 1367 1081 1443 sapientem,
1125 1366 1351 1442 qualem
1393 1366 1455 1427 in
1494 1364 1719 1441 reliqu&
1756 1366 1995 1425 Graecifi

400 1463 693 1521 neminem
724 1461 888 1541 (nam
928 1463 1028 1539 qui
1066 1473 1288 1539 septem
1327 1463 1705 1539 appellantur,
1735 1481 1859 1536 eos,
1892 1461 1994 1541 qui

402 1557 513 1616 ista
538 1558 805 1616 subtilius
833 1569 1116 1634 quaerunt,
1139 1559 1200 1618 in
1227 1577 1471 1617 numero
1491 1557 1843 1635 sapientium
1868 1577 1991 1618 non

400 1654 642 1736 habent)
667 1675 682 1727 ;
725 1655 976 1714 Athenis
1015 1675 1197 1716 unum
1239 1654 1591 1733 accepimus,
1620 1664 1679 1714 et
1705 1675 1842 1715 eum
1868 1655 1993 1734 qui·

311 1762 373 1812 15
401 1751 533 1810 dem
572 1753 748 1812 etiam
784 1753 1075 1829 Apollinis
1103 1752 1342 1812 oraculo
1368 1752 1859 1830 sapientissimum
1898 1754 1988 1831 ju·

402 1849 676 1908 dicatum.
759 1849 935 1909 Hanc
961 1869 1090 1908 esse
1111 1851 1172 1908 in
1191 1861 1251 1909 te
1271 1850 1611 1926 sapientiam
1633 1848 1989 1924 existimant,

401 1957 466 2007 ut
508 1948 708 2006 omnia
753 1958 853 2007 tua
899 1947 960 2006 in
1006 1957 1067 2006 te
1114 1947 1303 2024 posita
1344 1947 1544 2019 ducas,
1590 1946 1991 2023 humanosque

401 2065 572 2105 casus
626 2045 834 2103 virtute
888 2044 1192 2104 inferiores
1242 2053 1427 2120 putes.
1508 2042 1711 2119 Itaque
1743 2061 1841 2101 ‘ex
1891 2062 1991 2101 me

399 2153 679 2220 quierunt,
724 2140 949 2220 (cred0,
988 2142 1128 2200 item
1168 2159 1241 2198 ex
1279 2150 1358 2213 te,
1398 2138 1687 2220 Scaevola)
1731 2159 1990 2217 quonam

309 2252 373 2304 20
399 2250 572 2316 pacto
600 2251 845 2297 mortem
871 2238 1137 2297 Africani
1167 2238 1337 2310 seras,
1366 2255 1553 2313 eoque
1580 2237 1786 2314 magis,
1808 2238 1987 2313 quod,

401 2335 491 2393 his
544 2336 822 2411 proximis
876 2334 1089 2407 Nonis,
1139 2352 1275 2392 cum
1330 2334 1391 2391 in
1444 2334 1642 2391 hortos
1688 2332 1762 2391 D.
1814 2333 1988 2392 Bruti

402 2431 654 2508 auguriS,
685 2431 1116 2490 commentandi
1158 2429 1355 2502 causti,
1385 2439 1449 2487 ut
1477 2429 1706 2500 assolet,
1734 2429 1990 2488 venisse-

400 2546 550 2597 muS‚
590 2536 654 2584 tu
695 2546 812 2586 non
855 2527 1088 2599 affuisti,
1128 2527 1228 2603 qui
1268 2525 1709 2602 diligentissime
1755 2545 1988 2603 semper

399 2622 561 2680 illum
589 2622 762 2693 diem,
792 2632 849 2680 et
877 2622 1018 2681 illud
1045 2640 1277 2694 munus,
1307 2620 1510 2679 solitus
1538 2640 1694 2679 esses
1722 2621 1906 2680 obire.

305 2732 371 2782 25
478 2718 753 2776 Scaevola.
837 2718 1131 2781 Quaerunt
1176 2716 1430 2793 quidem,
1471 2717 1541 2776 C.
1585 2715 1750 2790 Laeli,
1792 2718 1985 2792 multi,

399 2824 461 2873 ut
492 2825 581 2872 est
618 2834 653 2873 a
687 2814 917 2874 Fannio
944 2813 1201 2871 dictum:
1244 2811 1346 2869 sed
1386 2831 1499 2889 ego
1539 2813 1600 2871 id
1640 2814 1984 2892 respondeo,

396 2910 550 2987 quod
594 2907 988 2979 animadverti,
1023 2916 1083 2965 te
1126 2906 1405 2981 dolorem,
1445 2927 1614 2984 quem
1663 2911 1985 2985 acceperis,

396 3025 532 3064 cum
580 3002 792 3063 summi
838 3002 966 3074 viri,
1014 3011 1139 3060 tum
1187 3002 1524 3063 amicissimi
1578 3014 1783 3078 morte,
1834 3007 1988 3067 serre
