2159 3400
697 245 784 293 DE
821 244 1222 295 SENECTUTE.
1768 234 1848 292 3?

160 405 323 453 terra
365 393 743 452 foecundior?
858 393 1024 457 Quid
1094 394 1188 469 de„
1234 393 1510 452 utilitate*
1546 393 1748 470 loquar

90 516 97 519 ·
162 490 574 562 stercorandi?
654 490 791 548 Dixi
834 491 894 549 in
933 508 1006 547 eo
1045 489 1214 562 libro,
1253 508 1422 566 quem
1463 490 1749 563 derebus

163 586 404 644 rusticis
457 585 694 662 scripsi3
765 585 838 643 de
891 587 1006 662 quii
1059 586 1268 644 doctus
1323 585 1618 644 Hesiodus
1671 605 1748 644 ne

164 683 408 740 verbum
451 681 682 757 quidem
723 681 882 754 fecit,
913 701 1045 740 cum
1089 682 1161 740 de
1190 683 1416 741 cultura
1458 682 1582 760 agri
1608 683 1749 740 scri·

165 778 347 837 beret.
430 778 513 836 At
541 778 854 850 Homerus,
876 778 974 854 qui
994 778 1189 835 multis
1213 777 1306 855 (ut
1329 778 1472 836 mihi
1494 779 1744 859 videtur)
1781 784 1813 832 5

165 884 304 932 ante
331 874 559 932 saeculis
586 873 712 945 fuit,
735 873 1009 932 Laertem
1036 873 1350 931 lenientem
1372 873 1746 947 desiderium,

161 969 320 1046 quod
363 970 627 1046 capiebat
667 989 700 1027 e
741 969 880 1041 filio,
924 970 1212 1027 colentem
1255 988 1474 1047 agrum,
1516 980 1575 1028 et
1613 989 1747 1028 eum

163 1077 602 1147 stercorantem,
632 1065 787 1124 facit.
870 1065 930 1122 N
933 1084 1003 1123 ec
1043 1084 1179 1124 vero
1219 1066 1511 1142 segetibus
1537 1067 1745 1139 solum,
1843 1065 1851 1074 '

161 1173 233 1222 et*
266 1162 463 1238 pratia,
492 1172 551 1220 et
580 1162 779 1234 vineis,
810 1172 869 1220 et
894 1161 1177 1234 arbusti&
1206 1181 1298 1219 res
1337 1162 1569 1220 rusticae
1595 1161 1744 1242 laetae

164 1270 321 1332 sunt,
344 1259 447 1317 sed
474 1259 647 1317 etiam
675 1259 855 1317 hortis
880 1268 939 1315 et
962 1258 1238 1334 pomariis
1260 1278 1275 1329 3
1304 1268 1430 1316 tum
1453 1259 1748 1334 pecudum
1779 1261 1860 1315 10:
1948 1290 1970 1308 ο

160 1367 353 1434 pastu,
385 1355 576 1432 apium
616 1355 997 1427 examinibus,
1026 1354 1232 1413 florum
1273 1354 1531 1414 omnium
1569 1355 1747 1414 varie-

161 1464 301 1512 tate.
384 1452 444 1510 N
446 1472 516 1511 ec
537 1452 893 1510 consitiones
919 1451 1095 1510 modo
1116 1452 1425 1525 delectant,
1448 1453 1551 1510 sed
1569 1453 1745 1511 etiam

163 1550 500 1621 insitiones;
542 1548 750 1626 quibus
790 1548 934 1606 nihil
975 1548 1197 1607 invenit
1238 1549 1590 1628 agricultura
1634 1549 1746 1607 sol·

160 1646 385 1706 lertiuS.

182 1856 189 1888 ί
240 1840 411 1899 XVI.
491 1841 735 1899 Possum
772 1841 1038 1918 persequi
1095 1840 1275 1900 multa
1313 1841 1743 1900 oblectamenta
1773 1845 1837 1895 15

159 1956 354 1997 rerum
396 1938 773 1996 rusticarum:
816 1938 937 1995 sed'
958 1957 1029 1996 ea
1067 1938 1211 2014 ipsa,
1240 1957 1366 2013 quae
1393 1938 1533 2009 dixi,
1564 1937 1743 1995 fuisse

159 2035 352 2113 sentio
417 2034 696 2112 longiora.
805 2033 1132 2111 Ignoscetis
1201 2043 1425 2091 autem:
1492 2051 1629 2090 nam
1683 2043 1744 2091 et

159 2130 357 2191 studio
397 2150 585 2189 rerum
627 2131 971 2189 rusticarum
1009 2138 1323 2207 provectus
1364 2148 1510 2202 sum,
1551 2139 1612 2186 et
1653 2149 1742 2188 se·
1893 2172 1913 2237 1

157 2237 367 2286 nectus
393 2237 480 2285 est
506 2228 712 2285 natura
740 2226 1068 2303 loquacior;
1091 2207 1187 2312 {ne
1216 2226 1289 2283 ab
1314 2225 1583 2283 omnibus
1609 2243 1738 2284 eam

156 2325 314 2383 vitiis
342 2324 536 2382 videar
555 2324 869 2381 vindicare.
952 2323 1113 2400 Ergo
1141 2322 1201 2380 in
1229 2322 1341 2380 hac
1366 2322 1484 2380 vita
1513 2319 1596 2380 Μ’
1622 2323 1738 2382 Cu·
1768 2333 1833 2384 20

156 2422 300 2491 rius,
330 2440 462 2478 cum
504 2421 576 2478 de
605 2419 981 2491 Samnitibus,
1010 2418 1085 2476 de
1127 2417 1380 2491 Sabinis,
1410 2418 1483 2476 de
1510 2419 1736 2496 Pyrrho

153 2517 588 2592 triumphasset,
619 2515 975 2592 consumpsit
1003 2525 1321 2573 extremum
1350 2526 1577 2592 tempus
1606 2528 1737 2575 aeta-

155 2614 273 2671 tis:
304 2611 468 2688 cujus
493 2613 723 2689 quidem
744 2613 935 2670 villam
963 2630 1074 2688 ego
1104 2612 1518 2687 contemplans,
1544 2610 1736 2690 (abest

156 2708 316 2768 enim
344 2727 460 2766 non
488 2710 661 2787 longe
692 2729 725 2768 a
743 2708 864 2789 me)
892 2708 1161 2767 admirari
1188 2708 1326 2766 satis
1353 2727 1472 2766 non
1497 2727 1733 2783 possum

154 2806 244 2865 vel
287 2806 540 2864 hominis
580 2807 759 2883 ipsius
800 2806 1239 2877 continentiam,
1281 2804 1370 2862 vel
1409 2815 1731 2881 temporum
1763 2812 1827 2862 2⁵

156 2903 545 2981 disciplinam.
626 2903 827 2975 Curio,
859 2903 930 2960 ad
960 2903 1155 2962 focum
1184 2888 1428 2972 s'edenti,
1457 2916 1729 2976 magnum

157 3000 280 3060 auri
305 2999 537 3079 pondus
577 2998 869 3058 Samnites
896 3017 1032 3057 cum
1073 2995 1416 3066 attulissent,
1444 2989 1727 3067 repudiati

627 3096 668 3153 4
