2159 3400
522 247 811 309 Merme,
847 248 995 296 srvE
1039 249 1127 297 DE
1166 249 1481 298 melna.
1823 242 1901 302 79

229 415 393 459 mum
421 413 569 469 esse,
597 416 769 473 quam
795 397 1115 457 laxissimas
1151 399 1405 457 habenas
1431 398 1644 457 habere
1673 399 1811 457 ami-

203 495 423 566 'citiae3
467 513 615 570 quas
632 495 723 552 vel
753 495 1026 569 adducas,
1055 513 1190 553 cum
1213 495 1370 568 velis,
1398 495 1487 554 vel
1515 496 1806 559 remittas:

234 600 412 668 caput
433 590 588 649 enim
616 610 741 650 esse
756 592 846 650 *ad
867 592 1033 650 beate
1055 592 1379 666 vivendum,
1409 593 1805 666 securitatem3

232 688 352 764 qua
378 687 492 748 frui
519 707 637 746 non
663 689 845 765 possit
874 689 1118 762 animus,
1159 689 1209 747 si
1235 699 1505 769 tanquam
1530 692 1809 767 parturiat

231 803 388 843 unus
412 782 520 861 pro
545 784 823 861 pluribus.
920 820 927 831 ι
1832 803 1867 853 5

314 880 486 938 Alios
515 890 704 939 autem
726 881 922 940 dicere
952 881 1114 940 aiunt
1138 884 1319 943 multo
1345 885 1519 942 etiam
1547 884 1809 944 inhuma-

228 977 368 1035 nius
387 976 584 1055 (quem
611 978 804 1036 locum
826 979 1069 1049 breviter
1114 980 1421 1056 perstrinxi
1440 981 1613 1056 paulo
1643 986 1802 1062 ante)

229 1073 488 1150 praesidii
533 1074 958 1150 adjumentique
994 1076 1192 1148 causi,
1234 1095 1349 1134 non
1395 1077 1805 1135 benevolentiae

231 1187 423 1246 neque
469 1169 744 1243 caritatis,
783 1171 1069 1229 'amicitias
1110 1190 1235 1229 esse
1275 1172 1658 1247 expetendas:
1701 1173 1807 1231 ita-

230 1284 368 1342 que,
396 1275 462 1324 ut
486 1267 725 1344 quisque
753 1266 1055 1326 minimum
1081 1267 1365 1328 firmitatis
1383 1268 1609 1340 habeat,
1639 1269 1805 1326 mini·
1833 1287 1896 1337 10

206 1378 506 1438 'mumque
533 1362 761 1436 virium,
791 1363 874 1421 ita
900 1363 1186 1421 amicitias
1214 1374 1480 1440 appetere
1520 1365 1802 1424 maxime:

232 1477 309 1516 ex
362 1477 434 1516 eo
487 1459 628 1532 fieri,
677 1469 741 1516 ut
787 1460 1139 1519 mulierculae
1186 1461 1369 1538 magis
1424 1461 1803 1520 amicitiarum

229 1555 502 1632 praesidia
548 1564 827 1632 quaerant,
874 1575 1044 1632 quam
1092 1557 1231 1628 viri3
1274 1567 1334 1616 et
1380 1557 1599 1635 inopes,
1633 1577 1804 1634 quam

231 1651 493 1728 opulenti
520 1672 536 1726 ς,
598 1661 659 1711 et
699 1652 1038 1727 calamitosi,
1086 1673 1256 1731 quam
1299 1654 1341 1715 ii
1383 1655 1481 1732 qui
1532 1665 1804 1733 putentur

130 1822 137 1828 ι
232 1749 407 1814 beati.
1234 1785 1238 1792 ‹
1832 1760 1894 1812 15

309 1845 368 1903 Ο
391 1845 726 1922 praeclaram
753 1846 1130 1923 sapientiam!
1175 1848 1377 1906 Solem
1404 1849 1560 1906 enim
1590 1868 1623 1906 e
1641 1868 1803 1907 mun-

230 1942 309 2004 do
330 1941 529 2001 tollere
555 1942 838 2015 videntur,
881 1942 978 2019 qui
1013 1945 1323 2004 amicitiam
1352 1963 1387 2001 e
1413 1944 1530 2001 vita
1558 1944 1799 2016 tollunt;

229 2039 346 2116 qua
375 2057 410 2097 a
434 2038 564 2096 Diis
603 2038 1020 2097 immortalibus
1066 2038 1209 2096 nihil
1253 2039 1458 2097 melius
1504 2039 1800 2112 habemus,

227 2136 376 2195 nihil
398 2135 727 2213 jucundius.
808 2134 962 2198 Quoe
999 2145 1087 2192 est
1129 2133 1284 2193 enim
1332 2134 1442 2193 ista
1483 2135 1801 2194 securitas?

228 2232 428 2310 specie
449 2232 708 2309 quidem,
746 2232 982 2305 blanda,
1032 2231 1135 2289 sed
1178 2249 1379 2307 reapse
1422 2231 1615 2288 multis
1656 2232 1801 2290 locis
1828 2247 1892 2298 20

229 2328 605 2404 repudianda.
714 2327 923 2404 Neque
976 2327 1134 2385 enim
1186 2331 1274 2385 est
1326 2335 1800 2401 consentaneum,

226 2425 407 2484 ullam
459 2424 760 2484 honestam
812 2442 934 2481 rem
983 2423 1359 2497 actionemve,
1404 2442 1478 2481 ne
1521 2424 1802 2483 sollicitus

224 2521 330 2594 sis,
361 2531 459 2580 aut
484 2540 601 2578 non
642 2519 954 2597 suscipere,
1001 2529 1099 2578 aut
1142 2530 1464 2597 susceptam
1494 2520 1798 2596 deponere.
1867 2531 1870 2534 “

221 2617 409 2680 Quod
467 2617 517 2674 si
564 2631 783 2674 curam‘
819 2616 1089 2693 fugimus,
1133 2616 1311 2675 virtus
1357 2616 1629 2693 fugienda
1681 2627 1799 2687 est3

224 2733 373 2790 quae,
421 2732 663 2772 necesse
690 2720 974 2784 esss‘cum'
1002 2712 1192 2788 aliqua
1220 2712 1380 2784 cura,
1410 2731 1502 2769 res
1530 2712 1638 2769 sibi
1667 2731 1802 2769 con·
1828 2723 1893 2772 25

222 2811 432 2870 trarias
462 2809 834 2886 adspernetur
877 2819 1045 2884 atque
1073 2809 1296 2879 oderit3
1341 2819 1403 2866 ut
1430 2808 1657 2865 bonitas
1685 2826 1800 2865 ma-

222 2906 430 2978 litiam,
458 2905 840 2981 temperantia
857 2904 1175 2975 libidinem,
1200 2903 1483 2980 ignaviam
1507 2902 1794 2958 fortitudo.

200 3003 428 3080 Itaque
455 3001 652 3060 videas
671 3001 844 3059 rebus
865 2999 1093 3077 injustis
1113 2998 1298 3075 justos
1319 2996 1561 3054 maxime
1580 2994 1794 3065 dolere,
