2159 3400
537 232 810 294 mnne,
849 236 997 283 slve
1035 236 1124 283 nr.
1162 235 1477 284 Amorum
1811 225 1892 283 77

211 381 394 440 etiam
435 392 567 458 post
613 393 874 454 mortem,
916 383 1105 443 secuti
1148 382 1320 441 amici
1363 393 1423 440 et
1467 381 1793 459 propinqui,

208 476 353 555 quid
400 477 460 536 in
500 477 564 535 P.
608 478 942 555 Scipionem
987 480 1306 552 effecerint,
1349 480 1476 538 sine
1521 479 1793 556 lacrymis

208 593 334 632 non
361 592 512 651 queo
540 574 751 633 dicere.
833 574 990 633 Nam
1007 576 1356 649 Carbonem,
1373 594 1600 652 quoquo
1616 576 1791 634 modo

209 671 528 748 potuimus,
555 680 786 747 propter
813 681 1107 729 recentem
1133 691 1361 748 poenam
1390 672 1487 730 Ti.
1511 672 1786 746 Gracchi,

208 767 629 847 sustinuimus:
656 844 663 851 .
688 767 760 824 de
802 767 870 825 C.
925 767 1180 825 Gracchi
1235 778 1424 826 autem
1470 769 1784 843 tribunatu,
1817 782 1849 829 5

204 863 352 941 quid
379 873 727 939 exspectem,
745 848 864 921 non
881 863 1024 921 libet
1040 864 1327 941 augurari.
1410 865 1602 941 Serpit
1630 867 1786 924 enim

206 948 426 1018 deinde
470 978 604 1017 res:
660 979 786 1036 quae
828 960 1140 1036 proclivius
1170 961 1241 1019 ad
1282 961 1619 1038 perniciem,
1650 982 1784 1020 cum

206 1055 391 1117 semel
446 1056 638 1132 eoepit,
686 1056 912 1115 labitur.
993 1057 1242 1129 Videtis,
1296 1057 1357 1115 in
1411 1058 1623 1116 tabella
1663 1060 1784 1134 jam

211 1161 349 1210 ante
374 1163 589 1228 quanta
614 1153 689 1210 sit
716 1150 871 1211 facta
895 1153 1075 1226 labeS,
1117 1154 1306 1230 primo
1334 1153 1588 1211 Gabinia
1631 1154 1781 1231 lege,

212 1248 451 1307 biennio
481 1259 669 1307 autem
693 1259 844 1326 post,
878 1249 1105 1307 Cassia.
1187 1249 1405 1307 Videre
1439 1248 1557 1326 jam
1585 1250 1782 1308 videor
1814 1261 1876 1309 10

208 1345 487 1421 populum
534 1365 568 1403 a
618 1357 820 1407 senatu
869 1345 1240 1422 disjunctum,
1289 1345 1783 1422 multitudinisque

213 1441 449 1499 arbitrio
476 1461 568 1499 res
596 1442 870 1500 maximas
907 1443 1018 1520 agi.
1100 1442 1302 1501 Plures
1340 1442 1496 1501 enim
1537 1443 1780 1516 discent,

210 1537 691 1612 quemadmodum
718 1538 844 1596 haec
884 1539 1041 1612 fiant,
1091 1559 1261 1616 quam
1302 1540 1785 1617 quemadmodum

211 1632 303 1691 his
329 1602 642 1693 resistlatur.

286 1730 587 1793 Quorsum
628 1733 804 1791 hoec'l
843 1733 980 1808 quia
1023 1734 1152 1793 sine
1186 1733 1365 1793 sociis
1404 1752 1577 1793 nemo
1622 1735 1784 1811 quid·
1812 1738 1871 1788 15

208 1842 381 1902 quam
407 1827 522 1886 tale
551 1839 807 1887 conatur.
889 1829 1349 1907 Praec'ipiendum
1372 1842 1460 1889 est
1487 1831 1661 1909 igitur
1683 1833 1783 1890 bo-

205 1945 320 1999 ms,
338 1938 421 2000 ut,
451 1947 501 1985 sl
528 1928 587 1986 in
618 1930 900 2006 ejusmodi
923 1931 1207 1992 amicitias
1224 1931 1411 2008 ignari
1431 1950 1570 1989 casu
1590 1931 1780 2007 aliquo

206 2023 538 2097 inciderint,
582 2044 658 2083 ne
693 2026 1041 2098 existiment,
1090 2026 1174 2084 ita
1208 2045 1271 2083 se
1302 2026 1584 2104 alligatos,
1614 2036 1678 2085 ut
1706 2028 1779 2085 ab

206 2120 413 2178 amicis
435 2121 496 2179 in
516 2121 728 2198 magn&
757 2122 947 2198 aliqua
974 2141 1036 2181 re
1055 2122 1435 2198 peccantibus
1451 2142 1568 2181 non
1595 2123 1782 2181 disce·

205 2215 363 2275 dant.
445 2215 737 2293 Improbis
759 2228 946 2277 autem
974 2233 1148 2295 poena
1172 2219 1475 2277 statuenda
1501 2229 1621 2292 est;
1664 2239 1776 2279 nec
1806 2232 1871 2283 20

209 2331 343 2370 vero
369 2312 555 2372 minor
585 2314 657 2371 iis
677 2313 775 2389 qui
803 2315 990 2372 secuti
1016 2324 1189 2373 erunt
1217 2314 1477 2388 alterum,
1506 2336 1676 2392 quam
1705 2317 1777 2375 iis

203 2408 304 2485 qui
345 2408 455 2485 ipsi
497 2409 708 2468 fuerint
750 2410 1060 2487 impietatis
1101 2411 1297 2470 duces.
1377 2410 1535 2474 Quis
1567 2413 1776 2473 clarior

204 2502 267 2562 in
313 2505 545 2563 Graeci&
590 2501 1035 2564 Themistocle?
1093 2507 1224 2582 quis
1265 2509 1599 2585 potentior?
1656 2510 1775 2588 qui,

206 2618 340 2658 cum
369 2601 676 2677 imperator
703 2602 856 2660 bello
896 2602 1133 2661 Persico
1179 2605 1450 2664 servitute
1489 2607 1777 2665 Graeciam

203 2696 525 2769 liberasset,
566 2708 907 2775 propterque
949 2698 1222 2759 invidiam
1261 2701 1322 2759 in
1362 2701 1625 2761 exsilium
1654 2702 1779 2778 pul·
1807 2706 1871 2756 25

203 2812 302 2851 sus
328 2804 501 2865 esset,
531 2793 767 2872 ingratae
795 2796 993 2872 patriae
1014 2796 1279 2873 injuriam
1298 2816 1416 2856 non
1436 2797 1588 2869 tulit,
1606 2815 1778 2873 quam

204 2888 355 2947 ferre
384 2889 600 2950 debuit.
683 2890 852 2949 Fecit
880 2892 1054 2964 idem,
1104 2893 1257 2968 quod
1298 2892 1422 2949 XX
1451 2892 1616 2948 annis
1646 2901 1777 2947 ante

204 2985 358 3064 apud
383 3005 493 3045 nos
519 2986 736 3045 fecerat
762 2986 1125 3045 Coriolanus.
1189 2986 1301 3043 His
1324 2985 1547 3060 adjutor
1574 2991 1779 3041 contra

594 3084 633 3140 7
661 3081 696 3117 ο
