2159 3400
337 221 418 289 24
923 238 1098 287 exre
1136 236 1368 296 ussok,
1397 236 1524 283 ssu

512 386 631 444 Sed
671 385 846 443 redeo
889 385 961 443 ad
1000 404 1112 445 me.
1206 384 1497 448 Quartum
1537 394 1753 442 annum
1791 396 1922 462 'ago
1964 392 2022 442 et

384 513 391 521 ’
431 482 852 559 octogesimum
872 501 899 538 τι
928 482 1192 558 equidem
1220 500 1390 558 posse
1416 480 1621 538 vellem
1649 479 1806 538 idem
1833 480 2020 558 glori-

434 578 536 650 ari,
578 578 734 653 quod
774 576 994 653 Cyrus:
1063 577 1166 636 sed
1207 588 1399 635 tamen
1439 577 1552 634 hoe
1592 594 1742 652 queo
1785 575 2013 648 dicere,

429 692 549 731 non
581 692 672 731 me
701 674 933 749 quidem
960 674 1030 731 iis
1057 690 1185 731 esse
1211 673 1446 744 viribu8‚
1474 672 1683 748 quibus
1713 681 1814 729 aut
1839 673 2014 730 miles

370 787 404 837 5
431 768 584 827 bello
612 769 855 842 Punice,
888 780 984 827 aut
1010 779 1253 845 quaestor
1293 768 1497 827 eodem
1513 794 1520 799 ·
1536 767 1708 840 belln,
1739 778 1840 826 aut
1870 787 2015 826 eon-

431 865 517 924 sul
558 866 621 923 in
675 865 959 942 Hispania
1000 865 1225 937 fuerim,
1270 874 1367 922 aut
1419 863 1800 939 quadriennio
1851 874 2010 940 post,

433 981 586 1034 oum,
628 963 897 1020 tribunus
935 961 1216 1034 militariS,
1260 960 1582 1037 depugnavi
1625 958 1775 1036 apud
1816 959 2013 1017 Ther-

431 1059 709 1136 mopylas,
732 1059 1017 1117 M'Aeilio
1035 1058 1351 1117 Glabrione
1369 1056 1617 1115 -eonsu'le
1637 1076 1650 1114 ε
1671 1056 1782 1114 sed
1809 1066 2009 1115 tamen

434 1153 527 1234 (ut
573 1175 673 1214 vos
720 1157 952 1236 videtis)
1007 1174 1126 1214 non
1178 1155 1350 1232 plane
1402 1173 1496 1211 me
1549 1153 1841 1210 enervavit
1894 1172 2009 1211 nee
2115 1178 2116 1195 κ

343 1266 405 1315 lo
435 1253 629 1310 afflixit
657 1263 958 1311 senectus:
1002 1271 1120 1315 non
1150 1251 1312 1310 curia
1336 1249 1485 1307 vires
1512 1267 1669 1307 meas
1691 1249 2004 1314 desiderat.
2088 1278 2116 1315 ,ἢ

432 1366 550 1405 non
592 1348 830 1419 Rostra,
872 1366 990 1405 non
1033 1348 1224 1419 amiel,
1266 1365 1384 1404 non
1426 1336 1686 1418 clienteS,
1716 1363 1836 1403 non
1878 1345 2008 1403 hos-

431 1444 613 1519 pites:
656 1462 768 1500 nee
794 1443 947 1500 enim
979 1462 1229 1518 unquam
1270 1462 1396 1501 sum
1426 1462 1688 1500 assensus
1713 1443 1895 1502 veteri
1926 1443 2004 1500 illi

433 1538 776 1614 laudatoque
814 1539 1138 1615 proverbiO,
1169 1539 1322 1614 quod
1362 1549 1576 1611 monet,
1618 1548 1842 1600 mature
1880 1539 2005 1598 fieri

435 1653 653 1707 senem,
696 1635 743 1693 si
775 1635 883 1695 ¹diu
923 1635 1065 1692 velis
1106 1654 1231 1692 esse
1272 1654 1462 1702 senex.
1565 1634 1696 1714 Ego
1734 1654 1874 1694 vero
1912 1654 2005 1694 me

344 1745 406 1794 15
437 1731 626 1789 minus
653 1731 751 1790 diu
780 1749 975 1790 senem
1018 1749 1145 1790 esse
1173 1732 1421 1804 mallem,
1451 1751 1623 1809 quam
1650 1751 1778 1790 esse
1806 1752 2004 1791 senem

439 1838 589 1900 ante,
619 1848 791 1905 quam
831 1847 1033 1887 essem.
1116 1828 1319 1906 Itaque
1358 1847 1532 1886 nemo
1573 1828 1760 1887 adhue
1801 1848 2006 1888 eonve-

436 1925 562 1982 nire
589 1943 682 1983 me
709 1924 908 1997 voluit,
939 1926 1035 1983 cui
1063 1925 1269 1984 fuerim
1298 1938 1630 2002 occupatus.

516 2023 598 2079 At
623 2022 816 2080 minus
844 2021 1030 2080 habeo
1056 2023 1283 2094 virium,
1306 2040 1477 2097 quam
1497 2020 1748 2079 vestrfim
1775 2023 2002 2080 utervis.

443 2119 533 2177 Ne
559 2138 662 2176 vos
689 2118 919 2195 quidem
947 2115 1023 2177 T.
1054 2119 1249 2177 Pontii
1277 2118 1632 2176 centurionis
1659 2118 1811 2175 vires
1837 2118 2006 2176 habe-

342 2214 403 2263 θ’
440 2217 544 2273 tis:
573 2233 713 2274 num
741 2216 962 2273 ideireo
986 2226 1073 2274 est
1094 2215 1188 2273 ille
1207 2215 1601 2293 praestantior?
1681 2213 2004 2274 Moderatio

438 2312 611 2369 modo
652 2313 856 2369 virium
901 2312 1066 2384 adsit,
1108 2322 1167 2369 et
1206 2322 1447 2385 tantum,
1485 2322 1760 2387 quantum
1799 2319 1999 2388 potest,

439 2406 681 2484 quisque
721 2407 970 2466 nitatur:
1039 2427 1129 2466 nae
1170 2409 1266 2465 ille
1306 2426 1425 2465 non
1472 2425 1683 2486 magno
1724 2407 2003 2468 desiderio

440 2505 728 2562 tenebitur
755 2504 977 2562 virium.
1059 2504 1343 2581 Olympias
1380 2524 1483 2581 per
1512 2505 1756 2562 stadium
1797 2505 2003 2584 ingres-

442 2619 541 2658 sus
579 2618 705 2657 esse
746 2598 895 2657 Milo
936 2600 1166 2672 dieitur,
1204 2619 1342 2659 eum
1396 2600 1650 2657 humeris
1703 2601 2000 2660 sustineret

347 2682 894 2755 zbovem'vivum.
1001 2695 1209 2754 Utrum
1256 2697 1430 2773 igitur
1471 2695 1574 2753 has
1615 2698 1889 2773 eorporis,
1930 2718 1998 2756 an

445 2790 784 2867 Pythagoroe
812 2791 917 2848 tibi
957 2791 1124 2848 malis
1151 2790 1301 2848 vires
1329 2791 1548 2868 ingenii
1591 2792 1755 2851 dari?
1834 2793 1999 2852 Deni-

447 2885 573 2960 que'
601 2884 711 2941 isto
750 2886 905 2943 bono
946 2894 1127 2957 utare,
1170 2884 1307 2943 dum
1349 2885 1494 2944 adsit
1511 2907 1525 2958 ;
1569 2906 1702 2946 eum
1745 2889 1903 2962 absit,
1930 2908 1999 2947 ne

449 2978 738 3053 requiras3
779 2979 892 3037 nisi
921 2980 1066 3038 forte
1110 2980 1503 3042 adolescentes
1526 2984 1850 3062 pueritiam,
1873 3005 2001 3063 pau-

2114 1456 2116 1495 4
