2159 3400
305 227 416 284 1oe
722 238 999 296 LAELIUS,
1030 236 1181 285 SIVE
1221 237 1308 284 1>ss
1342 236 1663 291 ΔΙῙΟῙΤΙΔ.

389 388 569 447 verbo
592 387 857 445 lubenter
882 386 1126 467 utimur)
1150 387 1395 445 eomitas
1416 385 1600 445 adsit:
1644 386 2000 460 assentatio,

389 483 660 541 vitiorum
707 482 972 558 adjutrix,
1015 482 1221 558 procul
1269 492 1634 553 amoveatur;
1687 501 1819 557 quae
1865 501 1998 541 non

391 579 567 637 modo
608 567 819 650 amit-10,
860 578 964 635 sed
1011 598 1087 636 ne
1126 579 1316 637 libero
1351 579 1605 656 quidem,
1647 579 1827 656 digna
1878 590 1991 637 est.

392 674 581 732 Aliter
635 673 793 731 enim
847 693 982 735 oum
1030 685 1297 751 tyranno,
1357 675 1521 732 aliter
1575 694 1709 733 cum
1767 676 1990 749 amieo,

326 784 361 833 5
391 771 616 829 vivitur.
1827 786 1832 791 ·

332 848 395 863 ⁸-
470 868 655 945 Cujus
681 878 873 926 autem
918 887 1087 926 aures
1127 867 1355 927 veritati
1387 868 1600 926 clausas
1628 878 1785 941 sunt,
1812 879 1882 926 ut
1913 868 1987 926 ab

392 966 583 1024 amico
608 985 804 1023 verum
834 966 1049 1025 audire
1088 976 1359 1041 nequeat,
1389 964 1559 1042 hujus
1597 966 1756 1022 salus
1782 951 1985 1042 despe-

391 1064 572 1122 randa
610 1073 715 1121 est.
816 1063 1044 1125 Scitum
1098 1073 1187 1121 est
1226 1062 1384 1120 enim
1423 1062 1566 1120 illud
1608 1062 1874 1135 Catonis,
1919 1073 1983 1121 ut

392 1162 590 1233 multa,
632 1168 671 1194 “
691 1160 907 1219 Melius
933 1161 1007 1219 de
1043 1160 1386 1237 quibusdam
1425 1159 1670 1216 acerbos
1710 1159 1984 1218 inimicos

299 1269 360 1318 10
389 1259 617 1331 mereri,
644 1277 814 1335 quam
854 1277 957 1316 eos
998 1258 1215 1316 amieos
1254 1256 1353 1332 qui
1394 1256 1598 1314 dulces
1635 1256 1980 1315 videantur:

389 1355 518 1413 illos
545 1375 742 1413 verum
771 1374 923 1431 saepe
963 1355 1181 1426 dicere,
1211 1354 1317 1412 hos
1348 1354 1701 1429 nunquam.”
1787 1354 1983 1429 Atque

389 1451 531 1508 illud
576 1452 884 1510 absurdum
929 1461 1036 1523 est,
1065 1451 1221 1527 quod
1257 1450 1320 1522 ii,
1343 1450 1446 1526 qui
1489 1460 1822 1522 monentur,
1851 1469 1981 1507 eam

388 1547 731 1620 molestiam,
773 1567 944 1624 quam
997 1548 1213 1606 debent
1259 1565 1486 1623 capere,
1533 1566 1652 1604 non
1701 1548 1944 1624 capiunt
1962 1568 1977 1618 3

390 1662 520 1702 eam
547 1643 803 1720 capiunt,
824 1644 940 1720 qua
960 1644 1176 1703 debent
1197 1663 1418 1703 vacare.
1449 1658 1468 1689 2
1501 1644 1796 1702 Peeoasse
1824 1644 1980 1703 enim

299 1746 362 1795 15
389 1759 453 1799 se
521 1760 642 1798 non
695 1751 1016 1818 anguntur3
1086 1742 1379 1820 objurgari
1427 1742 1684 1800 moleste
1753 1742 1976 1800 serunt:

389 1838 543 1915 quod
572 1847 778 1898 eontra
818 1840 1142 1915 oportebat,
1181 1837 1396 1898 delicto
1439 1838 1654 1911 dolere,
1705 1839 1979 1900 correcti-

390 1956 505 1995 one
530 1936 802 2015 gaudere.

468 2131 665 2190 XXV.
747 2131 827 2190 Ut
856 2130 1032 2209 igitur
1095 2140 1153 2187 et
1200 2148 1436 2187 monere
1480 2140 1538 2187 et
1582 2131 1811 2189 moneri
1853 2150 1981 2208 pro-

388 2227 579 2303 prium
606 2238 695 2285 est
714 2247 860 2288 verae
884 2226 1153 2286 amicitiae
1175 2247 1190 2298 ;
1219 2238 1278 2284 et
1301 2227 1539 2284 alterum
1561 2226 1747 2284 libere
1767 2228 1977 2299 faeere,

295 2333 360 2383 20
390 2341 509 2379 non
566 2335 798 2398 aspere3
864 2324 1104 2382 alterum
1157 2323 1441 2399 patienter
1507 2323 1800 2398 accipere,
1860 2343 1977 2381 non

391 2429 776 2493 repugnanter
798 2441 814 2490 ;
857 2420 944 2477 sio
984 2419 1313 2500 habendum
1354 2429 1460 2490 est,
1489 2418 1708 2476 nullam
1755 2420 1815 2480 in
1846 2420 1978 2479 ami-

391 2511 546 2571 citiis
590 2523 810 2588 pestem
852 2533 978 2574 esse
1023 2515 1319 2591 majorem,
1350 2531 1520 2590 quam
1562 2515 1975 2587 adulationem,

390 2608 745 2680 blanditiam,
777 2611 1258 2669 assentationem:
1300 2611 1558 2687 quamvis
1585 2612 1743 2670 enim
1786 2614 1977 2672 multis

389 2702 721 2764 nominibus
775 2714 862 2761 est
921 2704 1035 2761 hoo
1101 2706 1304 2763 vitium
1370 2707 1709 2780 notandum,
1767 2710 1976 2768 levium

295 2808 360 2857 25
392 2799 694 2859 hominum
725 2809 894 2872 atque
924 2798 1236 2871 fallacium,
1262 2802 1332 2858 ad
1362 2803 1715 2861 voluntatem
1744 2805 1978 2882 loquen-

391 2896 536 2953 tium
589 2892 804 2964 omnia,
852 2892 996 2949 nihil
1053 2894 1125 2950 ad
1173 2896 1486 2955 veritatem.
1572 2898 1729 2958 Cum
1785 2913 1977 2960 autem

388 2988 648 3047 omnium
676 3006 866 3045 rerum
907 2987 1199 3046 simulatio
1238 3001 1325 3047 est
1352 2991 1576 3065 vitiosa,
1609 2993 1797 3072 (tollit
1824 2999 1977 3057 enim
