2159 3400
307 209 387 268 82
718 223 991 280 murus,
1028 222 1177 268 slve
1214 220 1300 268 ne
1338 218 1657 268 Amcnu.

363 350 375 359 ο
405 373 684 444 colantur,
715 382 779 431 ut
798 373 868 444 xii,
898 372 1015 449 qui,
1040 372 1251 449 opibus
1290 382 1350 430 et
1386 371 1591 448 copiiS,
1622 372 1997 448 maximeque

402 472 611 528 virtute
650 470 878 545 praediti
914 470 1005 547 (in
1047 470 1162 545 quii
1194 454 1510 545 'plurimum
1551 479 1638 527 est
1679 469 1994 549 praesidii),

402 567 638 624 minime
682 566 915 624 alterius
956 567 1282 644 indigeant,
1317 564 1708 625 liberalissimi
1752 567 1906 639 sint,
1941 576 1995 622 et

403 663 927 722 beneficentissimi.
1010 664 1207 738 Atque
1248 663 1400 720 haud
1420 663 1586 734 secio,
1619 678 1692 719 an
1730 682 1809 720 ne
1830 674 1993 738 ‘opus

340 765 373 813 5
403 758 476 815 sit
503 759 751 834 quidem,
784 758 926 817 nihil
958 778 1208 833 unquam
1238 759 1478 815 omnino
1521 758 1727 815 deesse
1768 757 1988 816 amicis.

400 854 516 912 Ubi
557 855 713 913 enim
742 855 944 913 'studia
983 864 1192 913 nostra·
1218 854 1553 932 viguissent,
1597 854 1648 911 si
1689 873 1989 929 nunquam

402 951 668 1023 consili0‚
708 968 1001 1027 nunquam
1042 950 1237 1026 opera·
1265 950 1634 1021 nostrfi„nec
1678 949 1842 1006 domi
1883 967 1989 1007 nec

401 1047 641 1120 militiae,
672 1048 871 1124 Scipio
910 1047 1209 1124 eguisset?
1289 1044 1428 1103 Non
1466 1046 1645 1122 igitur
1680 1046 1986 1104 utilitatem

404 1145 676 1217 amicitia,
706 1145 808 1202 sed
835 1144 1051 1202 utilitas
1083 1142 1414 1214 amicitiam,
1445 1152 1766 1201 consecuta
1793 1153 1899 1200 est.

313 1344 390 1419 10·
481 1338 615 1395 XV.
674 1336 813 1394 Non
853 1355 995 1412 ergo
1034 1344 1205 1392 erunt
1244 1334 1509 1393 homines
1548 1333 1781 1392 deliciis
1810 1335 1987 1392 difflu-

403 1444 566 1491 entes
609 1433 897 1504 audiendi,
927 1433 975 1490 si
1013 1432 1243 1507 quando
1268 1433 1340 1488 de
1370 1431 1645 1503 amicitia,
1676 1451 1853 1507 quam
1880 1450 1986 1490 nec

403 1548 511 1586 usu
553 1547 663 1586 nec
703 1530 927 1586 ratione
967 1528 1183 1587 habent
1236 1528 1550 1605 cognitam,
1594 1527 1981 1604 disputabunt.

403 1623 463 1681 N
469 1616 559 1681 am
577 1624 702 1700 quis
720 1634 826 1696 est,
851 1623 982 1702 (pro
1000 1624 1194 1682 Defim
1216 1624 1409 1696 fidem,
1430 1633 1600 1701 atque
1622 1623 1925 1685 hominum
1940 1626 1978 1705 Ι)

406 1719 504 1795 qui
544 1720 700 1791 velit,
730 1729 794 1778 ut
833 1738 1021 1796 neque
1062 1720 1268 1798 diligat
1308 1739 1673 1796 quemquam,
1711 1740 1826 1779 nec
1866 1722 1981 1799 ipse

315 1832 376 1883 15
408 1817 480 1874 ab
520 1816 651 1873 ullo
682 1816 974 1893 diligatur,
1018 1816 1425 1875 circumfluere
1467 1816 1740 1878 omnibus
1781 1817 1977 1894 copiis,

408 1924 578 1989 atque
631 1913 693 1971 in
747 1913 1009 1971 omnium
1073 1932 1267 1971 rerum
1337 1913 1690 1971 abundantia
1758 1914 1976 1974 vivere?

408 2011 556 2071 Haec
584 2011 739 2069 enim
766 2020 853 2068 est
885 2021 1257 2087 tyrannorum
1283 2009 1436 2080 vita3
1480 2009 1540 2067 in
1570 2010 1685 2085 q'ufi
1711 2007 1974 2067 nimirum

406 2109 567 2167 nulla
604 2108 765 2180 fides,
806 2107 968 2166 nulla
1008 2106 1238 2178 caritas,
1279 2106 1440 2164 nulla
1477 2105 1699 2163 stabilis
1740 2105 1973 2164 benevo-

406 2205 596 2263 lentiae
623 2214 810 2280 potest
835 2222 962 2261 esse
990 2203 1205 2260 fiducia
1228 2222 1240 2259 ε
1284 2201 1479 2259 omnia
1505 2219 1729 2276 semper
1757 2220 1971 2278 suspec-

313 2315 377 2363 20
407 2311 484 2372 ta,
517 2311 684 2374 atque
712 2300 990 2358 sollicita:
1033 2299 1227 2356 nullus
1254 2298 1420 2355 locus
1449 2296 1736 2355 amicitiae.

482 2396 640 2457 Quis
679 2396 834 2455 enim
870 2405 974 2453 aut
1015 2414 1148 2453 eum
1190 2394 1392 2471 diligat
1430 2412 1600 2469 quem
1632 2394 1852 2466 metuit,
1881 2404 1967 2452 aut

404 2510 537 2548 eum
563 2510 597 2548 a
615 2510 727 2565 quo
749 2511 810 2547 se
833 2491 1010 2549 metui
1030 2492 1233 2567 putat?
1290 2491 1576 2548 Coluntur
1597 2499 1790 2547 tamen
1812 2490 1967 2547 simu·

404 2586 621 2645 latione
661 2586 936 2643 duntaxat
978 2587 1048 2643 ad
1090 2595 1331 2662 tempus.
1412 2585 1596 2647 Quod
1632 2584 1680 2642 si
1719 2585 1858 2644 forte
1884 2585 1964 2663 (ut

406 2684 469 2742 fit
505 2683 868 2760 plerumque)
901 2680 1238 2753 ceciderint,
1266 2692 1388 2739 tum
1425 2680 1784 2758 intelligitur,
1812 2701 1961 2757 quam

315 2798 379 2847 25
409 2779 620 2837 fuerint
643 2777 843 2852 inopes
873 2774 1192 2832 amicorum
1216 2794 1229 2830 ε
1272 2778 1426 2850 quod
1455 2776 1836 2852 Tarquinium
1857 2778 1962 2835 dix-

410 2874 522 2931 isse
555 2872 765 2941 serunt,
794 2879 917 2927 tum
958 2868 1314 2926 exsulantem
1342 2890 1405 2927 se
1434 2871 1802 2945 intellexisse,
1834 2892 1959 2949 quos

409 2968 552 3025 fidos
607 2966 824 3025 amicos
875 2963 1188 3034 habuisset,
1228 2982 1372 3039 quos
1425 2966 1654 3039 infidos,
1696 2986 1827 3027 cum
1852 2969 1957 3047 jam
