2159 3400
727 244 817 297 DE
852 248 1259 299 SENECTUTE.
1794 242 1873 300 45

194 404 309 467 rat,
352 395 452 453 hic
485 395 606 472 jam
648 408 998 459 consecutus
1037 409 1140 456 est.
1220 396 1330 461 Ille
1384 398 1505 456 vult
1557 398 1657 457 diu
1697 398 1778 456 vi-

195 509 368 550 vere:
412 491 510 550 hic
551 491 652 550 diu
692 493 849 551 vixit.
928 494 1288 571 Quanquam
1320 494 1385 574 (o
1427 495 1529 554 Dii
1556 495 1773 576 boni!)

194 587 341 664 quid
368 598 456 646 est
495 588 556 646 in
597 588 848 648 hominis
874 590 992 648 vita
1033 591 1175 649 diu?
1255 591 1350 651 Da
1386 593 1543 651 enim
1583 611 1777 669 supre-

194 703 361 745 mum
403 695 637 761 tempus
653 689 680 743 ε’
709 697 1112 762 exspectemus
1151 686 1581 747 Tartessiorum
1619 689 1775 768 regis

195 791 466 840 aetatem:
509 781 618 839 fuit
657 781 814 840 enim
857 781 950 860 (ut
988 783 1267 860 scriptum
1308 784 1505 866 video)
1549 787 1773 864 Argan-
1803 796 1837 846 5

193 866 434 936 thonius
460 877 695 953 quidam
722 878 1003 951 Gadibus,
1033 880 1133 955 qui
1173 881 1474 958 octoginta
1510 883 1771 960 regnavit

193 992 402 1046 annos,
432 983 666 1033 centum
695 985 754 1032 et
778 974 985 1053 viginti
1011 975 1187 1034 vixit:
1229 977 1333 1035 sed
1360 978 1504 1036 mihi
1531 996 1607 1035 ne
1646 979 1772 1036 diu-

192 1080 432 1128 turnum
485 1070 720 1147 quidem
756 1071 1071 1147 quidquam
1115 1072 1360 1145 videtur,
1416 1073 1476 1130 in
1524 1093 1640 1149 quo
1682 1085 1771 1132 est

194 1166 417 1243 aliquid
443 1176 779 1225 extremum.
863 1167 1015 1226 Cum
1043 1167 1201 1225 enim
1229 1168 1287 1226 id
1318 1168 1547 1227 advenit
1568 1190 1584 1240 ;
1627 1179 1769 1228 tunc

192 1262 361 1336 illud,
402 1263 558 1339 quod
597 1263 892 1339 praeteriit,
934 1263 1185 1322 effluxit:
1227 1273 1449 1322 tantum
1490 1275 1767 1338 remanet,
1802 1266 1864 1319 10

192 1359 377 1435 quod-
419 1358 628 1417 virtute
695 1370 754 1417 et
818 1370 978 1418 recte
1044 1358 1214 1418 factis
1268 1371 1616 1419 consecutus
1669 1361 1765 1420 sis.

193 1455 376 1514 Horae
429 1455 664 1531 quidem
717 1456 952 1529 cedunt,
1008 1466 1068 1513 et
1120 1456 1264 1529 dies,
1319 1467 1378 1516 et
1419 1477 1666 1532 menses,
1709 1469 1769 1517 et

194 1552 372 1624 anni3
414 1571 526 1610 nec
572 1551 925 1629 praeteritum
967 1562 1194 1629 tempus
1240 1573 1492 1630 unquam
1536 1556 1769 1614 reverti·

192 1658 310 1721 tur,
364 1666 496 1721 nec,
551 1647 691 1726 quid
743 1658 1033 1724 sequutum·
1089 1648 1227 1708 sciri
1278 1660 1479 1726 potest.
1584 1650 1768 1714 Quod

192 1744 408 1820 cuique
452 1745 727 1822 temporis
773 1746 845 1802 ad
891 1746 1197 1804 vivendum
1246 1746 1432 1819 datur,
1476 1766 1548 1805 eo
1595 1748 1767 1808 debet
1800 1754 1862 1804 15

191 1859 322 1900 esse
364 1851 688 1900 contentus.
772 1841 981 1917 Neque
1021 1842 1178 1899 enim
1218 1842 1505 1916 histrioni,
1546 1854 1611 1903 ut
1650 1845 1769 1921 pla-

193 1946 346 2010 ceat,
373 1939 704 2015 peragenda
728 1947 813 1995 est
842 1937 1054 2010 fabula,
1084 1938 1279 2011 modo,
1310 1938 1370 1996 in
1400 1957 1767 2015 quocumque

193 2034 369 2092 suerit
410 2044 563 2107 actu,
604 2035 907 2111 probetur,
950 2052 1139 2109 neque
1185 2033 1431 2146 sapienti
1472 2053 1653 2110 usque
1695 2035 1767 2094 ad

194 2135 233 2164 “
252 2130 569 2188 Plaudite'’
601 2130 924 2188 vivendum.

272 2225 459 2284 Breve
484 2225 643 2284 enim
669 2235 896 2301 tempus
922 2224 1108 2283 aetatis
1135 2223 1274 2282 satis
1300 2234 1387 2282 est
1425 2223 1665 2303 longum
1694 2227 1766 2286 ad
1797 2233 1861 2283 20

191 2322 342 2380 bene
396 2321 750 2397 honesteque
811 2320 1134 2379 vivendum.
1244 2319 1350 2378 Sin
1416 2324 1766 2397 prooesseris
1851 2368 1860 2378 .

190 2417 444 2495 longius,
472 2436 591 2475 non
612 2416 798 2495 magis
825 2416 1139 2474 dolendum
1166 2426 1273 2489 est,
1296 2435 1468 2493 quam
1498 2418 1767 2496 agricola}

192 2514 412 2586 dolent,
440 2514 732 2591 praeterita
759 2513 921 2570 verni
961 2513 1238 2589 temporis
1278 2514 1578 2588 suavitate,
1608 2527 1769 2576 aesta·

188 2621 306 2669 tem
370 2620 823 2685 autumnumque
892 2609 1134 2667 venisse.
1242 2609 1362 2667 Ver
1433 2610 1590 2669 enim
1644 2622 1769 2671 tan·

189 2726 362 2783 quam
392 2706 842 2764 adolescentiam
869 2704 1179 2783 significat,
1209 2706 1574 2782 ostenditque
1616 2708 1768 2767 fruc-
1798 2719 1861 2770 25

189 2814 281 2861 tus
309 2803 566 2860 futuros:
611 2800 834 2876 reliqua
871 2811 1134 2877 tempora
1172 2801 1530 2859 demetendis
1570 2802 1768 2861 fructi·

189 2900 297 2962 bus
324 2908 383 2957 et
410 2897 801 2975 percipiendis
823 2896 1263 2955 accommodata
1282 2906 1431 2954 sunt.
1514 2897 1765 2954 Fructus

191 3005 382 3054 autem
400 2992 719 3052 senectutis
739 3002 826 3050 est
850 2990 941 3070 (ut
968 3010 1120 3067 saepe
1148 2990 1296 3070 dixi)
1324 2999 1454 3047 ante
1469 2999 1765 3065 partorum
