2159 3400
295 244 377 303 96
719 252 995 311 LAELIUS,
1034 251 1183 300 srvi:
1222 251 1310 301 ns
1350 251 1669 299 Amcrna.
1775 306 1778 311 A

389 413 577 479 potest
601 422 613 459 :
677 420 810 460 cum
865 402 1132 460 homines
1188 400 1595 461 benevolentia
1659 388 2006 478 conjuncti,

389 500 638 576 primum
667 498 1081 573 cupiditatibus
1123 498 1215 572 iis,
1246 498 1456 574 quibus
1476 497 1675 557 caeteri
1701 496 2000 571 serviunt,

390 595 773 670 imperabunt,
821 593 1032 652 deinde
1085 594 1352 671 aequitate
1386 593 1726 671 justitiaque
1768 593 2001 672 gaude-

390 692 566 762 bunt3
608 691 915 769 omniaque
937 692 1080 750 alter
1109 711 1215 769 pro
1243 692 1424 750 altero
1450 690 1763 769 suscipiet5
1792 709 1995 773 neque

324 808 359 858 5
391 788 698 866 quidquam
717 808 992 867 unquam,
1013 789 1127 848 nisi
1155 772 1459 848 honestum
1482 798 1542 846 et
1567 798 1815 861 rectum,
1838 788 1992 847 alter

391 888 463 944 ab
493 887 673 945 altero
696 887 1045 965 postulabit:
1088 906 1277 963 neque
1304 886 1492 944 solum
1512 905 1577 943 se
1605 885 1806 944 colent
1830 886 1987 944 inter

389 1003 472 1057 se,
503 1003 571 1043 ac
599 985 861 1063 diligent,
884 985 985 1043 sed
1012 983 1189 1042 etiam
1215 984 1600 1042 verebuntur:
1641 1002 1780 1043 nam
1806 981 1986 1042 maxi-

389 1101 547 1141 mum
574 1072 974 1142 ornamentum
1005 1081 1275 1141 amicitiai
1303 1080 1473 1153 tollit,
1500 1080 1608 1157 qui*
1628 1092 1706 1139 ex
1730 1081 1805 1139 ea
1829 1078 1982 1140 tollit

394 1180 818 1239 verecundiam.

302 1296 362 1346 ιο
471 1277 675 1354 Itaque
716 1280 776 1338 in
818 1279 889 1336 iis
927 1277 1290 1354 perniciosus
1319 1286 1411 1335 est
1449 1294 1630 1349 error,
1660 1277 1765 1353 qui
1792 1274 1980 1334 existi·

394 1385 573 1447 mant,
606 1376 912 1434 libidinum
951 1384 1441 1452 peccatorumque
1479 1373 1742 1431 omnium
1781 1384 1977 1450 patere

394 1471 455 1528 in
495 1472 750 1530 amicitia
788 1472 1103 1531 licentiam.
1186 1472 1482 1530 Virtutum
1523 1470 1788 1531 amicitia
1829 1471 1982 1548 adju·

393 1567 507 1624 trix
533 1588 567 1626 a
592 1569 799 1627 natura
827 1569 963 1627 data
1007 1580 1115 1641 est,
1143 1587 1262 1628 non
1308 1568 1575 1627 vitiorum
1622 1586 1857 1639 comes;
1899 1578 1980 1641 ut,

394 1663 667 1740 quoniam
700 1665 955 1725 solitaria
997 1685 1118 1725 non
1153 1676 1349 1744 posset
1392 1666 1571 1724 virtus
1621 1665 1693 1725 ad
1735 1684 1832 1740 ea,
1860 1685 1983 1745 quae

303 1768 364 1817 15
394 1781 619 1821 summa
657 1773 810 1835 sunt,
850 1764 1174 1840 pervenire,
1204 1763 1519 1841 conjuncta
1556 1773 1616 1822 et
1643 1764 1982 1824 consociata

396 1877 528 1919 cum
558 1860 738 1919 altera
757 1861 1117 1938 pervenirem
1159 1881 1285 1937 quoe
1313 1861 1524 1937 siquos
1551 1860 1703 1926 inter
1730 1861 1983 1920 societas

396 1969 493 2018 aut
520 1970 626 2031 est,
658 1970 755 2018 aut
783 1960 909 2032 fuit,
941 1969 1039 2018 aut
1058 1959 1261 2018 -sutura
1290 1969 1397 2031 est,
1425 1977 1625 2017 eorum
1649 1970 1743 2016 est
1770 1959 1981 2018 haben-

394 2058 502 2118 dus
532 2058 603 2116 ad
631 2076 918 2117 summum
946 2067 1166 2116 naturae
1194 2058 1409 2116 bonum
1442 2056 1697 2132 optimus
1723 2057 1987 2116 beatissi-

393 2174 636 2231 musque
664 2156 990 2215 comitatus,

298 2254 364 2304 20
476 2252 623 2311 Haec
650 2264 757 2326 est,
809 2254 1062 2330 inquam,
1092 2252 1359 2324 societas,
1389 2252 1448 2310 in
1496 2252 1611 2328 qua
1653 2252 1857 2310 omnia
1902 2251 1987 2310 in-

395 2358 549 2421 sunt,
592 2369 718 2425 quae
744 2361 949 2426 putant
985 2349 1251 2410 homines
1290 2349 1630 2427 expetenda,
1686 2348 1982 2422 honestas,

397 2445 602 2522 gloria,
630 2448 1014 2523 tranquillitas
1043 2447 1241 2521 animi,
1272 2458 1442 2523 atque
1481 2446 1857 2523 jucunditas:
1899 2456 1982 2517 ut,

399 2560 531 2599 cum
560 2542 686 2599 haec
717 2539 925 2618 adsint,
955 2545 1126 2603 beata
1166 2545 1283 2604 vita
1327 2544 1421 2617 sit,
1450 2554 1509 2602 et
1559 2542 1686 2601 sine
1736 2543 1830 2600 his
1858 2561 1984 2600 esse

396 2657 512 2698 non
548 2639 748 2715 possit.
825 2638 1009 2701 Quod
1053 2660 1188 2699 cum
1232 2641 1513 2717 optimum
1554 2639 1986 2715 maximumque

301 2742 366 2792 25
398 2736 492 2806 sit,
534 2735 584 2793 si
623 2734 681 2791 id
711 2735 971 2793 volumus
1017 2737 1280 2813 adipisci,
1328 2738 1523 2797 virtuti
1567 2756 1745 2814 opera
1771 2725 1988 2795 ‘danda

397 2842 487 2890 est
513 2851 528 2902 3
570 2832 697 2888 sine
725 2831 839 2907 qua
866 2847 1056 2907 neque
1085 2833 1401 2893 amicitiam
1441 2854 1630 2911 neque
1656 2834 1834 2893 ullam
1863 2852 1988 2892 rem

399 2927 778 3006 expetendam
827 2928 1104 3003 consequi
1168 2947 1511 3004 possumus:
1550 2932 1625 2990 ea
1666 2950 1804 2990 vero
1848 2950 1991 3010 neg·

399 3023 574 3096 lecta,
601 3024 701 3101 qui
748 3042 810 3081 se
859 3023 1076 3083 amicos
1116 3024 1329 3084 habere
1359 3027 1729 3103 arbitrantur,
1756 3038 1888 3089 tum
1925 3047 1994 3090 se
