2159 3400
293 233 372 298 64
700 240 974 307 LAELIUS,
1011 248 1160 296 slva
1196 249 1283 295 DE
1321 249 1638 296 AMICITIA.

385 399 806 472 Quamobrem,
836 419 962 474 quae
990 399 1269 475 disputari
1309 399 1383 456 de
1421 399 1676 457 amicitia
1702 412 1970 476 possunt,

389 497 461 555 ab
496 497 600 569 eis,
630 514 862 569 censeo,
889 496 1118 572 petatiS,
1150 496 1247 571 qui
1287 496 1396 553 ista
1433 496 1813 572 profitentur:
1855 516 1972 575 ego

386 612 484 651 vos
511 592 722 651 hortari
749 602 970 650 tantum
991 611 1247 668 possum,
1270 602 1334 650 ut
1363 592 1676 650 amicitiam
1697 593 1973 652 omnibus

389 690 562 747 rebus
591 690 856 748 humanis
898 689 1293 766 anteponatis:
1335 688 1480 746 nihil
1523 698 1613 746 est
1649 689 1811 747 enim
1848 700 1971 748 tam

325 796 359 845 5
387 796 605 845 naturae
649 797 862 862 aptum,
890 796 1008 843 tam
1045 785 1398 843 conveniens
1426 785 1497 842 ad
1524 804 1619 843 res
1645 785 1736 842 vel
1765 805 1972 844 secun-

387 884 510 954 das,
538 883 626 941 vel
663 883 942 940 adversas,
1472 882 1476 891 ⁴

467 981 584 1038 Sed
607 980 716 1038 hoc
736 981 982 1056 primum
1004 978 1209 1057 sentio,
1232 977 1344 1035 nisi
1366 978 1426 1036 in
1448 978 1633 1050 bonis,
1654 979 1969 1039 amicitiam

387 1096 515 1136 esse
536 1087 655 1135 non
672 1094 869 1154 posse:
910 1094 1100 1151 neque
1127 1075 1186 1133 id
1217 1074 1288 1132 ad
1315 1075 1504 1132 vivum
1526 1093 1751 1148 reseco,
1774 1086 1838 1134 ut
1865 1075 1969 1148 illi,

389 1175 488 1250 qui
517 1176 641 1232 haec
670 1173 935 1232 subtilius
964 1173 1270 1243 disserunt,
1301 1170 1541 1229 fortasse
1570 1190 1724 1243 vere,
1754 1173 1856 1230 sed
1900 1173 1973 1230 ad

300 1275 362 1326 10
392 1290 756 1329 communem
823 1270 1129 1327 utilitatem
1195 1286 1413 1344 parum.
1496 1266 1736 1345 Negant
1793 1264 1972 1341 enim,

389 1382 761 1442 quemquam
779 1366 962 1423 virum
1010 1365 1225 1422 bonum
1273 1383 1423 1429 esse,
1470 1363 1583 1421 nisi
1631 1364 1971 1441 sapientem.

391 1463 483 1520 Sit
520 1463 602 1520 ita
634 1480 805 1522 sane:
849 1461 951 1518 sed
978 1480 1107 1518 eam
1135 1459 1474 1537 sapientiam
1501 1461 1973 1536 interpretantur,

390 1576 560 1633 quam
593 1557 780 1614 adhuc
810 1556 1065 1614 mortalis
1092 1574 1264 1614 nemo
1291 1565 1379 1613 est
1406 1565 1773 1614 consecutus.
1844 1555 1977 1614 Nos

394 1663 584 1712 autem
613 1672 684 1711 ea
709 1673 833 1729 quae
862 1663 996 1712 sunt
1023 1653 1084 1711 in
1113 1672 1221 1712 usu
1247 1652 1476 1729 vitaque
1506 1652 1824 1726 communi,
1854 1671 1974 1711 non

301 1756 364 1806 15
394 1769 465 1807 ea
488 1769 615 1826 quae
641 1750 935 1827 finguntur
958 1759 1055 1807 aut
1074 1759 1364 1825 optantur,
1387 1759 1647 1826 spectare
1674 1750 1973 1809 debemus.

393 1846 708 1923 Nunquam
737 1866 848 1924 ego
874 1846 1087 1919 dicam,
1117 1845 1185 1905 C.
1216 1846 1571 1919 Fabricium,
1601 1845 1684 1903 Μ’
1706 1847 1975 1919 Curium,

394 1944 491 2003 Ti.
522 1944 974 2015 Coruncanium,
1004 1961 1151 2018 quos
1177 1942 1465 2019 sapientes
1503 1942 1685 2000 nostri
1725 1943 1979 2020 majores

388 2042 746 2118 judicabant,
777 2041 848 2099 ad
887 2041 1124 2099 istorum
1151 2055 1415 2097 normam
1453 2039 1628 2097 fuisse
1661 2040 1973 2115 sapientes,

393 2138 597 2201 Quare
634 2138 744 2196 sibi
785 2138 1033 2195 habeant
1060 2136 1355 2212 sapientiae
1382 2154 1616 2207 nomen,
1646 2146 1705 2193 et
1732 2135 1981 2193 invidio-

250 2271 260 2282 ·
300 2245 365 2296 20
396 2253 522 2293 sum
550 2245 608 2292 et
636 2235 946 2292 obscurum
963 2253 978 2304 ;
1022 2231 1483 2307 concedantque,
1513 2242 1577 2290 ut
1612 2231 1671 2288 hi
1699 2232 1841 2290 boni
1869 2232 1979 2290 viri

397 2331 624 2389 fuerint.
706 2329 803 2387 Ne
843 2329 903 2387 id
941 2328 1175 2404 quidem
1217 2328 1474 2386 facient:
1531 2329 1850 2406 negabunt,
1894 2328 1977 2402 id,

394 2426 504 2483 nisi
535 2425 799 2501 sapienti,
825 2444 996 2501 posse
1025 2425 1289 2484 concedi.

475 2521 737 2597 Agamus
758 2520 930 2596 igitur
956 2520 1159 2596 pingui
1181 2519 1473 2595 Minerva,
1495 2531 1560 2579 ut
1588 2521 1762 2580 aiunt.
1846 2520 1977 2585 Qui

396 2618 477 2675 ita
503 2635 565 2674 se
593 2625 819 2692 gerunt,
849 2616 930 2673 ita
955 2616 1172 2688 vivunt,
1194 2627 1258 2674 ut
1283 2636 1481 2677 eorum
1507 2619 1780 2694 probetur
1809 2619 1974 2692 fides,

301 2728 364 2778 25
396 2713 714 2790 integritas,
745 2710 1000 2784 aequitas,
1029 2710 1362 2786 liberalitas,
1383 2734 1495 2774 nec
1523 2715 1599 2772 sit
1626 2715 1684 2773 in
1714 2715 1829 2772 illis
1856 2715 1979 2773 ulla

397 2808 702 2885 cupiditas,
729 2804 818 2861 vel
846 2803 1047 2873 libido,
1076 2805 1164 2861 vel
1201 2809 1462 2883 audacia,
1491 2810 1718 2887 sintque
1761 2811 1977 2888 magna

397 2899 742 2971 constantia,
778 2907 841 2955 ut
881 2897 923 2954 ii
963 2896 1215 2971 fuerunt,
1251 2904 1429 2960 ,modo
1465 2925 1606 2980 quos
1641 2906 1973 2977 nominavi;

397 3001 500 3059 hos
526 2999 679 3057 viros
714 2996 918 3065 bonos,
946 3002 1011 3050 ut
1037 2993 1221 3052 habiti
1261 3008 1414 3072 sunt,
1444 3001 1531 3058 sic
1566 3001 1741 3060 etiam
1783 3003 1977 3079 appel·
