2159 3400
280 186 361 246 52
866 193 1043 240 cxro
1070 193 1317 252 πΜΑιοιι,
1358 192 1485 241 sno

380 343 561 417 debit,
593 353 689 402 aut
719 354 939 420 patrem
969 353 1133 402 tuum
1175 343 1438 415 Paulum,
1471 353 1569 402 aut
1609 344 1761 402 duos
1806 365 1974 419 avoc,

379 441 622 499 Paulum
650 451 709 498 et
747 441 1114 513 Africanum,
1148 450 1244 498 aut
1271 441 1539 499 Africani
1579 451 1831 517 patrem,
1867 456 1975 501 aut

377 546 664 613 patruum,
696 546 793 594 aut
821 537 1031 594 multos
1069 520 1403 612 praestantes
1430 537 1604 610 virOS,
1635 557 1797 613 quos
1827 557 1975 596 enu-

379 651 600 694 merare
628 651 746 690 non
776 642 862 691 est
901 642 1162 706 necesse,
1192 642 1354 693 tanta
1381 651 1509 690 esse
1536 638 1804 707 conatoS,
1836 652 1972 711 quae

314 738 347 787 5
381 728 453 789 ad
478 729 829 806 posteritatis
855 729 1193 787 memoriam
1218 729 1593 805 pertinerent,
1619 730 1736 787 nisi
1765 731 1970 789 animo

379 837 704 898 cernerent,
759 825 1152 903 posteritatem
1209 826 1281 883 ad
1333 845 1395 883 se
1446 826 1757 901 pertinere.
1851 827 1968 884 ‘An

379 940 584 980 censes
614 921 705 1001 (ut
733 923 805 980 de
833 941 926 980 me
967 921 1093 997 ipso
1136 921 1350 998 aliquid
1390 941 1551 978 more
1592 942 1800 980 senum
1843 923 1970 1000 glo-

379 1019 521 1100 rier)
565 1038 659 1077 me
712 1029 904 1079 tantos
955 1019 1183 1077 labores
1235 1018 1473 1076 diurnos
1524 1028 1967 1095 nocturnosque

378 1116 536 1173 domi
579 1116 914 1192 militiaeque
957 1124 1365 1191 suscepturum
1394 1114 1590 1187 fuisse,
1646 1115 1698 1172 si
1754 1115 1964 1173 iisdem

284 1214 346 1264 10
378 1213 591 1271 finibus
629 1213 868 1290 gloriam
908 1231 1117 1284 meam,
1145 1212 1353 1287 quibus
1393 1211 1587 1283 vitam,
1619 1228 1813 1270 essem
1854 1223 1966 1270 ter-

376 1309 736 1368 minaturus?
815 1308 1031 1368 Nonne
1071 1308 1280 1366 melius
1320 1307 1501 1366 multo
1544 1307 1772 1381 fuisset,
1817 1310 1964 1367 otio-

376 1424 499 1463 sam
527 1413 750 1461 aetatem
779 1416 837 1461 et
865 1404 1135 1479 quietam,
1165 1405 1291 1462 sine
1321 1404 1439 1463 ullo
1472 1404 1678 1462 labore
1720 1414 1781 1462 et
1825 1424 1964 1464 con-

377 1500 657 1572 tentione,
724 1500 1066 1559 traducere?
1165 1501 1308 1573 Sed,
1375 1500 1577 1560 nescio
1643 1502 1961 1577 quomodo,

381 1595 625 1668 animuS,
694 1595 922 1673 erigens
988 1616 1071 1670 se,
1120 1597 1512 1674 posteritatem
1580 1596 1809 1674 semper
1882 1598 1964 1657 ita

284 1692 347 1744 15
377 1692 784 1771 prospiciebat,
815 1693 998 1770 quasi,
1029 1713 1164 1752 cum
1205 1694 1547 1753 excessisset
1586 1713 1620 1751 e
1659 1693 1801 1768 vitai,
1836 1706 1961 1755 tum
1989 1773 1994 1779 ἦ

379 1790 627 1867 denique
654 1790 910 1848 victurus
937 1801 1106 1850 esset.
1187 1791 1368 1853 Quod
1398 1791 1630 1866 quidem
1660 1790 1722 1848 ni
1767 1792 1852 1850 ita
1898 1811 1963 1851 se

379 1888 638 1961 haberet,
666 1897 730 1945 ut
759 1886 936 1946 animi
964 1887 1316 1945 immortales
1343 1897 1555 1958 essent,
1575 1887 1730 1945 haud
1753 1877 1963 1964 optimi

377 1985 658 2064 cujusque
685 1983 909 2043 animus
934 1984 1184 2043 maxime
1212 1983 1283 2041 ad
1313 1982 1807 2042 immortalitatem
1839 1984 1963 2062 glo-

377 2083 478 2141 riae
506 2083 802 2148 niteretur.
1431 2088 1435 2092 '

282 2185 346 2235 20
454 2178 641 2252 Quid,
671 2178 826 2255 quod
852 2176 1309 2255 sapientissimus
1348 2175 1589 2252 quisque
1630 2177 1964 2251 aequissimo

379 2275 572 2332 animo
600 2274 859 2346 moritur,
890 2272 1263 2331 stultissimus
1291 2272 1696 2349 iniquissimo?
1738 2272 1965 2331 Nonne

375 2371 541 2428 vobis
568 2371 793 2428 videtur
822 2369 1049 2429 animus
1077 2369 1147 2441 is,
1176 2369 1275 2445 qui
1299 2368 1430 2445 plus
1459 2379 1659 2426 cernat
1686 2379 1746 2426 et
1773 2367 1965 2447 longi-

378 2486 466 2538 uS,
490 2465 707 2539 videre,
737 2485 800 2523 se
842 2466 914 2523 ad
955 2466 1199 2524 meliora
1234 2464 1557 2540 proficisci3
1603 2465 1701 2522 ille
1745 2476 1963 2539 autem,

378 2562 545 2640 cujus
573 2563 830 2622 obtusior
858 2563 933 2620 sit
975 2562 1150 2632 acieS,
1192 2579 1311 2618 non
1351 2560 1587 2619 videre?
1668 2561 1964 2637 Equidem

279 2665 344 2717 25
378 2660 585 2718 efferor
633 2658 826 2717 studio
872 2667 1063 2734 patres
1106 2666 1345 2725 vestroe,
1394 2675 1538 2729 quos
1582 2657 1740 2716 colui
1783 2669 1843 2716 et
1880 2659 1967 2715 di-

375 2754 511 2827 lexi,
541 2753 808 2810 videndi:
850 2770 1037 2826 neque
1084 2767 1220 2806 vero
1268 2767 1369 2805 eos
1414 2751 1601 2808 solum
1650 2754 1965 2811 convenire

379 2867 540 2921 ave0,
569 2860 714 2923 quos
742 2830 863 2923 ipse
892 2843 1173 2921 cognovi3
1218 2845 1320 2901 sed
1349 2843 1479 2902 illos
1506 2847 1704 2919 etiam,
1736 2848 1813 2906 de
1840 2849 1967 2923 qui-

377 2946 486 3003 bus
541 2941 752 3012 audivi,
808 2949 866 2997 et
918 2939 1056 3015 legi,
1109 2947 1169 2994 et
1224 2938 1348 3015 ipse
1393 2941 1734 3017 conscripsi.
1819 2945 1966 3006 Quo
