2159 3400
717 177 804 224 nr:
845 178 1249 229 sennem.
1791 174 1870 235 1⁰

195 321 265 382 in
327 323 502 383 claris
542 334 599 382 et
655 313 951 386 honoratis
989 328 1146 402 viris,
1188 329 1289 387 sed
1346 329 1407 387 in
1446 329 1565 388 vita
1604 330 1778 389 etiam

193 420 433 496 privata
472 431 531 480 et
572 423 783 496 quieta.
792 450 835 499 s
884 425 1204 502 Sophocles
1251 425 1322 483 ad
1362 444 1643 485 summam
1693 445 1780 486 se-

198 527 509 576 nectutem
536 520 844 597 tragoedias
864 520 1034 592 fecit3
1064 521 1219 597 quod
1245 532 1475 600 propter
1503 522 1777 598 studium,

201 632 346 671 cum
387 633 510 672 rem
550 614 886 675 familiarem
926 618 1222 696 negligere
1248 618 1554 692 videretur,
1586 637 1620 677 a
1644 619 1778 677 filiis

202 710 268 768 in
292 709 579 787 judicium
607 722 844 770 vocatus
869 722 987 784 est3
1031 722 1113 786 ut,
1143 714 1620 789 quemadmodum
1647 734 1778 774 nos-
1802 733 1836 782 5

202 815 300 864 tro
348 824 509 865 more
555 807 704 871 male
750 827 873 867 rem
920 810 1253 887 gerentibus
1304 810 1563 888 patribus
1607 812 1777 869 bonis

204 903 482 960 interdici
531 903 695 977 solet,
738 905 824 963 sic
875 906 1057 979 illum,
1101 907 1263 983 quasi
1303 907 1699 983 desipientem,
1744 913 1780 966 a

204 1017 273 1055 re
331 999 596 1059 familiari
652 1012 1012 1061 removerent
1059 1002 1303 1079 judices.
1385 1002 1547 1060 Tum
1601 1022 1778 1060 senex

205 1095 426 1153 dicitur
452 1115 578 1153 eam
606 1096 875 1170 fabulam,
904 1116 1074 1173 quam
1116 1097 1177 1155 in
1216 1098 1482 1156 manibus
1509 1097 1774 1171 habebat,

205 1202 269 1249 et
314 1193 572 1268 proxime
612 1193 937 1270 scripserat,
977 1190 1265 1270 OEdipum
1306 1193 1649 1266 Coloneum,
1690 1213 1777 1251 re-
1807 1214 1867 1264 10

210 1288 422 1346 citasse
442 1288 751 1365 judicibuS,
775 1289 1178 1366 quaesisseque,
1206 1310 1345 1349 num
1374 1290 1511 1348 illud
1544 1308 1775 1349 carmen

210 1384 549 1460 desipientis
601 1387 923 1445 videretur:
991 1406 1105 1465 quo
1158 1387 1420 1460 recitato,
1476 1387 1777 1446 sententiis

219 1480 482 1559 judicum
511 1492 597 1538 est
622 1481 914 1541 liberatus,

289 1576 449 1635 Num
491 1577 665 1655 igitur
702 1579 882 1653 hunc,
923 1598 1062 1638 num
1106 1579 1446 1653 Homerum,
1490 1598 1629 1637 num
1659 1578 1777 1638 He-

211 1673 457 1747 siodum,
518 1693 657 1733 num
717 1676 1097 1749 Simonidem,
1157 1695 1324 1738 num?
1356 1675 1774 1748 Stesichorum,
1806 1686 1866 1735 15

212 1790 347 1828 num
380 1769 552 1848 (quos
594 1781 722 1830 ante
762 1773 909 1852 dixi)
938 1772 1275 1844 Isocratem,
1303 1772 1599 1849 Gorgiam,
1637 1790 1777 1828 num

209 1866 680 1943 philosophorum
705 1868 1015 1943 principes,
1044 1867 1449 1944 Pythagoram,
1478 1865 1778 1923 Democri-

211 1973 352 2034 tum,
408 1982 547 2020 num
601 1962 921 2035 Platonem,
977 1982 1115 2020 num
1172 1963 1582 2032 Zenocratem,
1637 1979 1777 2017 num

211 2069 412 2135 postea
462 2054 787 2132 Zenonem,
837 2058 1200 2129 Cleanthem,
1257 2067 1353 2114 aut
1407 2075 1558 2128 eum,
1606 2074 1775 2130 quem

214 2173 314 2212 vos
354 2154 526 2212 etiam
568 2153 775 2212 Romae
823 2153 1064 2227 vidistis,
1113 2153 1441 2230 Diogenem
1490 2151 1774 2225 Stoicum,
1804 2167 1867 2218 20

215 2250 410 2329 coegit
436 2252 498 2309 in
525 2250 645 2309 suis
682 2251 889 2310 studiis
917 2252 1314 2309 obmutescere
1356 2241 1662 2307 senectus!
1705 2268 1776 2306 an

216 2366 331 2404 non
384 2347 445 2405 in
498 2347 766 2405 omnibus
832 2347 909 2408 iis
969 2345 1287 2405 studiorum
1358 2345 1594 2423 agitatio
1645 2346 1777 2403 vitae

217 2443 448 2518 aequalis
474 2443 620 2502 fuit?

294 2540 443 2616 Age,
472 2550 535 2597 ut
574 2540 685 2598 ista
722 2539 917 2610 divina
954 2538 1146 2598 studia
1171 2539 1519 2610 omittamuS,
1546 2556 1777 2613 possum

215 2636 512 2695 nominare
565 2655 638 2693 ex
691 2654 830 2713 agro
882 2635 1104 2695 Sabino
1157 2635 1405 2696 rusticos
1458 2634 1775 2705 Romanos,
1804 2644 1867 2694 25

215 2733 435 2791 vicinos
482 2743 540 2791 et
588 2732 897 2791 familiares
943 2750 1123 2805 meos,
1172 2732 1381 2807 quibus
1428 2728 1776 2801 absentibus,

214 2849 502 2907 nunquam
546 2829 666 2887 fere
706 2828 823 2886 ulla
860 2828 920 2886 in
963 2847 1102 2906 agro
1139 2829 1358 2904 majora
1396 2845 1571 2904 opera
1609 2828 1774 2897 fiunt,

216 2945 329 2985 non
367 2924 657 2997 serendis,
690 2942 808 2983 non
845 2923 1253 3002 percipiendis,
1295 2941 1413 2980 non
1458 2921 1775 2979 condendis
