2159 3400
294 229 414 289 1⁰6
696 244 973 300 muns,
1014 245 1166 291 srvi-3
1207 245 1296 291 m:
1335 244 1658 294 mel-ru.

384 389 487 447 sed
514 390 689 449 etiam
714 392 961 466 posteris
998 394 1108 451 erit
1134 393 1295 452 clara
1331 405 1393 452 et
1431 393 1696 472 insignis.
1776 395 1977 454 Nemo
2115 346 2116 399 1

386 503 637 563 unquam
666 487 861 545 animo
889 499 988 547 aut
1013 509 1116 565 spe
1155 490 1377 567 majora
1406 491 1705 567 suscipiet,
1732 493 1831 569 qui
1861 494 1972 550 sibi

384 602 503 641 non
531 582 685 641 illius
713 584 1047 641 memoriam
1092 596 1262 660 atque
1301 586 1616 665 imaginem
1648 607 1974 665 proponen-

383 679 517 737 dam
543 690 724 755 putet.

317 782 352 831 5
461 776 766 853 Equidem,
814 796 887 835 ex
939 779 1209 838 omnibus
1253 782 1427 839 rebus
1471 800 1616 858 quas
1674 780 1816 840 mihi
1869 793 1967 841 aut
2117 790 2118 883 χ

384 875 615 935 fortuna
667 885 764 934 aut
814 886 1023 934 natura
1073 878 1297 951 tribuit,
1350 879 1496 938 nihil
1549 880 1762 952 habeo,
1812 880 1964 955 quod

382 991 517 1033 cum
561 972 819 1033 amicitia
865 974 1162 1053 Scipionis
1200 976 1417 1051 possim
1464 994 1815 1053 comparare.
1897 975 1963 1034 In

382 1069 493 1131 hac
523 1073 664 1131 mihi
702 1074 777 1132 de
816 1074 1117 1151 republica
1142 1092 1481 1145 consensus,
1521 1072 1585 1130 in
1626 1074 1738 1131 hac
1775 1092 1964 1131 rerum

379 1170 725 1244 privatarum
770 1171 1099 1242 consilium,
1158 1171 1220 1228 in
1266 1170 1473 1228 eidem
1524 1170 1754 1246 requies
1797 1170 1966 1246 plena

288 1259 351 1310 1⁰
378 1267 785 1327 oblectationis
837 1267 961 1327 fuit.
1040 1267 1357 1344 Nunquam
1402 1266 1565 1325 illum
1611 1286 1692 1325 ne
1731 1267 1967 1325 minimi

380 1363 611 1451 quidem
640 1384 704 1422 re
730 1364 966 1436 offendi,
995 1363 1151 1440 quod
1189 1363 1422 1440 quidem
1459 1363 1782 1421 senserim:
1823 1362 1966 1420 nihil

382 1459 573 1517 audivi
619 1478 692 1517 ex
735 1478 808 1518 eo
854 1460 998 1537 ipse,
1051 1459 1208 1537 quod
1259 1459 1492 1521 nollem.
1543 1458 1709 1518 'Una
1762 1459 1967 1518 domus

380 1564 523 1625 erat,
554 1554 705 1612 idem
734 1555 939 1628 victus,
969 1554 1133 1632 isque
1160 1554 1486 1613 communis
1501 1575 1518 1625 ;
1561 1574 1751 1631 neque
1779 1555 1967 1613 solum

381 1649 608 1723 militia,
669 1651 770 1710 sed
838 1652 1012 1711 etiam
1084 1652 1580 1731 peregrinationes
1645 1652 1968 1713 rusticatio-

289 1759 351 1810 15
383 1766 599 1824 nesque
653 1767 1008 1807 communes,
1110 1749 1171 1808 N
1176 1770 1268 1808 am
1307 1750 1446 1826 quid
1484 1768 1595 1828 ego
1633 1750 1708 1808 de
1761 1751 1965 1810 studiis
1997 1779 2002 1782 ·

382 1845 575 1905 dicam
619 1847 1015 1925 cognoscendi
1064 1866 1290 1923 semper
1339 1847 1574 1923 aliquid,
1626 1858 1796 1923 atque
1856 1849 1967 1907 dis-

383 1944 576 2018 cendi,
607 1944 667 2003 in
706 1943 935 2021 quibus,
964 1943 1284 2003 remotiab
1324 1943 1512 2002 oculis
1544 1944 1767 2020 populi,
1795 1964 1967 2004 omne

382 2043 632 2102 otiosum
679 2053 906 2119 tempus
959 2041 1374 2100 contrivimus?
1450 2040 1721 2103 Quarum
1775 2062 1965 2100 rerum

383 2139 708 2200 recordatio
734 2151 794 2199 et
837 2139 1120 2198 memoria
1162 2139 1213 2196 si
1258 2137 1377 2197 una
1409 2156 1543 2195 cum
1590 2138 1692 2196 illo
1719 2139 1968 2198 occidis-

288 2247 352 2297 20
384 2247 489 2307 set,
520 2236 866 2294 desiderium
897 2233 1357 2312 conjunctissimi
1391 2243 1558 2309 atque
1588 2235 1966 2293 amantissimi

382 2331 488 2388 viri
544 2331 692 2389 serre
744 2331 906 2390 nullo
961 2332 1134 2390 modo
1184 2349 1430 2407 possem.
1528 2329 1647 2388 Sed
1700 2350 1818 2388 nec
1869 2331 1967 2389 illa

381 2426 668 2485 exstincta
713 2438 879 2497 sunt3
945 2427 1285 2502 alunturque
1333 2426 1526 2502 potius
1571 2435 1631 2484 et
1687 2439 1965 2504 augentur

383 2521 736 2599 cogitatione
762 2532 821 2580 et
856 2524 1153 2582 memoria.
1236 2522 1333 2594 Et,
1363 2522 1413 2581 si
1452 2521 1567 2580 illis
1605 2522 1780 2598 plane
1808 2525 1965 2582 orba-

382 2629 476 2677 tus
521 2637 728 2690 essem,
777 2637 1049 2697 magnum
1113 2630 1306 2678 tamen
1362 2619 1587 2678 afferret
1646 2617 1792 2678 mihi
1830 2631 1962 2679 aetas

289 2726 353 2776 25
384 2715 510 2794 ipsa
535 2714 838 2773 solatium:
883 2714 1100 2773 diutius
1128 2717 1284 2774 enim
1305 2717 1425 2793 jam
1453 2716 1514 2773 in
1541 2716 1656 2773 hoc
1676 2716 1962 2776 desiderio

383 2832 510 2873 esse
553 2830 671 2871 non
711 2828 963 2889 possum.
1045 2810 1264 2870 Omnia
1307 2822 1497 2871 autem
1538 2813 1737 2871 brevia
1761 2814 1963 2873 tolera-

383 2911 525 2970 bilia
550 2928 677 2969 esse
705 2908 939 2980 debent,
969 2908 1144 2966 etiam
1173 2907 1222 2964 si
1250 2927 1463 2986 magna
1489 2908 1620 2967 sint.
