2159 3400
314 213 396 273 60
719 218 994 280 LAELIUS,
1030 221 1181 268 slva
1220 221 1307 267 DE
1352 219 1669 266 Amen-ni.

407 389 527 428 non
547 389 693 447 egeo
713 368 1004 427 medicina
1027 390 1040 427 :
1084 387 1177 426 me
1205 368 1326 445 ipse
1347 368 1637 440 consolor,
1662 378 1721 426 et
1744 368 1978 427 maxime

408 467 508 525 illo
536 466 763 538 solatio,
786 466 941 541 quod
969 484 1040 523 eo
1068 485 1262 525 errore
1292 484 1482 541 careo,
1507 485 1641 542 quo,
1668 467 1978 525 amicorum

407 563 670 636 decessu,
697 563 955 640 plerique
993 564 1128 641 angi
1165 563 1368 621 solent.
1450 562 1615 620 Nihil
1654 563 1815 623 enim
1855 563 1982 621 mali

410 659 692 719 accidisse
741 660 1005 738 Scipioni
1049 670 1226 737 puto:
1274 660 1418 718 mihi
1466 659 1701 733 accidit,
1750 652 1803 718 si
1849 659 1983 736 quid

346 765 380 814 5
410 757 640 815 accidit.
725 758 861 815 Suis
902 766 1093 815 autem
1135 756 1535 838 incommodis*
1551 757 1818 835 graviten
1833 757 1984 834 an‘gi,

406 873 525 911 non
556 854 827 927 amicum,
857 854 957 913 sed
986 854 1239 930 seipsum
1270 854 1515 921 amantis
1540 863 1647 913 est.

389 1007 395 1013 ,
485 950 639 1009 Cum
665 951 765 1011 illo
791 970 926 1008 vero
955 951 1083 1027 quis
1111 959 1285 1030 neget
1313 960 1505 1011 actum
1527 969 1654 1009 esse
1671 951 1988 1027 praeclare'!

407 1046 542 1105 Nisi
570 1047 724 1107 enim
756 1047 938 1125 (quod
967 1047 1063 1106 ille
1091 1047 1330 1106 minime
1355 1048 1621 1129 putabat)
1653 1048 1992 1107 immortali-

406 1154 585 1205 tatem
626 1156 824 1221 optare
859 1145 1048 1217 vellet,
1078 1144 1218 1220 quid
1257 1163 1373 1202 non
1411 1153 1502 1201 est
1545 1144 1810 1220 adeptuS,
1834 1144 1989 1221 quod

315 1249 377 1298 10
407 1241 630 1299 homini
657 1242 742 1301 fas
770 1251 921 1298 esset
949 1242 1182 1316 optare?
1223 1239 1322 1317 qui
1348 1258 1633 1298 summam
1660 1259 1823 1316 spem
1852 1240 1991 1299 civi-

406 1357 524 1410 um,
553 1357 722 1414 quam
765 1339 837 1394 de
877 1356 948 1393 eo
981 1337 1101 1413 jam
1128 1355 1309 1413 puero
1337 1336 1674 1408 habuerant,
1705 1337 1990 1418 continuo

407 1432 746 1491 adolescens
774 1432 1102 1490 incredibili
1123 1432 1332 1491 virtute
1360 1432 1676 1511 superavit:
1721 1433 1823 1508 qui
1852 1453 1991 1493 con-

405 1528 654 1586 sulatum
679 1528 882 1604 petivit
913 1547 1230 1604 nunquam,
1257 1518 1447 1586 factus
1483 1538 1572 1585 est
1612 1529 1819 1587 consul
1861 1530 1986 1588 bis:

402 1624 651 1702 primum
683 1635 814 1685 ante
842 1634 1098 1702 tempus3
1143 1624 1350 1682 iterum
1391 1625 1522 1698 sibi,
1552 1644 1659 1682 suo
1681 1635 1984 1703 tempore3

313 1734 376 1785 15
404 1720 757 1798 reipublicae,
779 1741 943 1799 paene
971 1741 1131 1780 sero:
1173 1722 1290 1799 qui,
1314 1722 1537 1780 duabus
1564 1722 1805 1781 urbibus
1834 1742 1988 1782 ever·

396 1815 503 1891 'si8,
534 1818 948 1876 inimicissimis
988 1818 1127 1877 huic
1167 1819 1429 1895 imperio,
1467 1837 1588 1877 non
1628 1820 1804 1886 modo
1844 1840 1986 1898 prae-

404 1914 609 1986 sentia,
638 1934 837 1972 verum
873 1915 1048 1972 etiam
1090 1915 1283 1973 futura
1318 1915 1469 1972 bella
1508 1914 1735 1974 delevit.
1817 1915 1981 1979 Quid

404 2011 596 2071 dicam
638 2012 710 2069 de
751 2013 1009 2070 moribus
1049 2012 1380 2071 facillimis?
1422 2012 1495 2069 de
1534 2012 1750 2089 pietate
1780 2013 1842 2071 in
1869 2034 1985 2072 ma-

404 2111 592 2167 trem'l
633 2109 976 2167 liberalitate
1017 2109 1079 2166 in
1120 2110 1387 2167 sorores?
1429 2109 1686 2166 bonitate
1716 2110 1777 2166 in
1805 2113 1982 2168 suos?

310 2221 375 2270 20
396 2206 621 2283 justitia
643 2206 701 2264 in
725 2225 926 2263 omnes
941 2207 965 2264 'l
1007 2215 1146 2263 nota
1166 2215 1301 2263 sunt
1320 2205 1497 2264 vobis.
1565 2204 1765 2267 Quam
1792 2217 1984 2265 autem

402 2302 624 2361 civitati
647 2322 816 2361 carus
834 2302 1023 2374 fuerit,
1038 2321 1281 2360 moerore
1300 2302 1517 2360 funeris
1535 2302 1857 2361 indicatum
1877 2315 1980 2362 est.

399 2397 566 2460 Quid
608 2399 782 2475 igitur
823 2399 980 2456 hunc
1017 2417 1339 2475 paucorum
1388 2417 1670 2457 annorum
1719 2401 1982 2458 accessio

394 2495 595 2572 juvare
626 2495 948 2571 potuisset?
1031 2496 1316 2553 Senectus
1356 2495 1532 2567 enim,
1561 2496 1821 2571 quamvis
1862 2516 1980 2560 non

401 2590 475 2648 sit
500 2590 709 2668 gravi-S,
743 2591 835 2668 (ut
861 2590 1099 2648 memini
1128 2590 1433 2663 Catonem,
1466 2610 1618 2648 anno
1647 2601 1780 2649 ante
1809 2612 1981 2667 quam

210 2687 219 2692 ”
308 2690 372 2740 25
400 2697 660 2746 mortuus
686 2698 793 2760 est,
822 2705 1051 2745 mecum
1092 2696 1151 2744 et
1192 2705 1324 2744 cum
1360 2687 1637 2763 Scipione
1665 2689 1977 2771 disserere)

400 2793 592 2842 tamen
636 2784 819 2842 aufert
858 2801 986 2839 eam
1017 2781 1385 2855 viriditatem,
1416 2784 1476 2841 in
1510 2784 1624 2860 qua
1661 2785 1980 2846 etiamnum

400 2889 525 2939 erat
552 2879 770 2954 Scipio.

474 2974 876 3038 Quamobrem
897 2974 1013 3034 vita
1037 2975 1272 3052 quidem
1299 2976 1429 3036 talis
1457 2977 1585 3052 fuit,
1607 2978 1695 3038 vel
1727 2979 1984 3057 fortuna,

2147 950 2153 1037 1

2147 1188 2152 1331 A

2150 1336 2152 1407 4
