2159 3400
297 240 380 301 98
714 251 991 308 LAELms
1028 250 1182 297 srva
1219 250 1307 297 m:
1346 248 1664 297 Amorru.
1747 238 1758 255 ³

386 399 449 472 ii,
495 397 594 475 qui
653 419 716 457 se
762 408 917 457 totos
970 386 1335 458 tradiderunt
1386 399 1799 476 voluptatibuS,
1856 399 1996 463 sine

387 497 645 554 amicitia
701 495 875 553 vitam
923 514 1051 554 esse
1105 497 1324 554 nullam
1372 496 1649 568 sentiunt,
1699 496 1750 555 si
1807 497 1991 556 modo

383 593 560 650 velint
591 593 782 668 aliqua
822 611 894 650 ex
932 603 1097 669 parte
1136 593 1449 652 liberaliter
1490 592 1700 652 vivere.
1784 595 1989 672 Serpit

382 690 560 762 enim,
609 690 811 748 nescio
855 690 1168 766 quomodo,
1195 709 1302 767 per
1344 691 1606 751 omnium
1649 691 1800 750 vitas
1845 693 1989 751 ami·

319 794 353 844 5
384 781 553 860 citia3
598 808 712 849 nec
733 788 910 846 ullam
936 788 1123 846 aetatis
1152 787 1430 866 degendae
1458 788 1986 891 rationempatitur

379 904 506 944 esse
535 897 827 964 expertem
852 885 962 944 sui.
1441 894 1452 903 ‘

458 982 823 1055 Quinetiam,
847 983 897 1040 si
919 982 1048 1058 quis
1075 982 1147 1039 ea
1171 981 1475 1062 asperitate
1495 991 1603 1054 est,
1627 992 1687 1040 et
1716 982 1982 1042 immani·-

379 1090 497 1139 tate
524 1091 764 1154 naturae,
794 1098 1140 1158 congressus
1179 1088 1244 1137 ut
1271 1079 1571 1138 hominum
1601 1078 1789 1156 fugiat
1812 1090 1984 1156 atque

380 1178 569 1236 oderit
608 1177 865 1257 (qualem
907 1177 1086 1236 fuisse
1127 1174 1378 1234 Athenis
1418 1174 1733 1237 Timonem
1777 1176 1982 1236 nescio

289 1280 351 1330 10
383 1295 551 1352 quem
600 1275 998 1355 accepimus);
1040 1283 1236 1331 tamen
1277 1272 1330 1330 is
1355 1271 1476 1349 pati
1518 1286 1638 1330 nou
1667 1274 1872 1349 possit,
1915 1283 1981 1332 ut

380 1391 498 1430 non
529 1373 793 1448 anquirat
837 1371 1109 1448 aliquem,
1141 1370 1290 1447 apud
1339 1388 1510 1445 quem
1554 1377 1789 1441 evomat
1822 1370 1980 1429 virus

383 1468 715 1526 acerbitatis
742 1487 877 1526 suae.
960 1468 1156 1544 Atque
1186 1467 1299 1524 hoc
1320 1466 1572 1524 maxime
1589 1466 1980 1543 judicaretur,

381 1564 431 1621 si
458 1564 596 1639 quid
616 1565 732 1621 tale
752 1574 946 1641 posset
974 1564 1335 1642 contingere,
1360 1573 1422 1621 ut
1449 1562 1656 1640 aliquis
1683 1582 1795 1622 nos
1815 1564 1979 1624 Deus

381 1679 454 1719 ex
480 1660 592 1719 hac
621 1660 923 1720 hominum
952 1661 1278 1738 frequentia
1304 1660 1551 1732 tolleret,
1579 1670 1640 1718 et
1679 1660 1741 1719 in
1777 1662 1979 1721 solitu-

289 1769 351 1819 15
384 1758 520 1816 dine
575 1759 797 1835 uspiam
858 1758 1196 1831 collocaret,
1246 1769 1416 1835 atque
1464 1757 1544 1815 ibi
1597 1759 1977 1835 suppeditans

384 1856 643 1915 omnium
697 1874 910 1929 rerum,
973 1876 1116 1931 quas
1178 1859 1386 1914 natura
1438 1855 1750 1929 desiderat,
1799 1858 1977 1916 abun-

383 1955 641 2013 dantiam
670 1964 729 2011 et
756 1951 1003 2031 copiam,
1033 1953 1287 2011 hominis
1328 1951 1566 2010 omnino
1610 1952 1975 2028 adspiciendi

381 2063 726 2129 potestatem
747 2052 1009 2128 eriperet.
1091 2050 1249 2112 Quis
1274 2059 1392 2108 tam
1421 2059 1572 2107 esset
1600 2048 1844 2123 ferreus,
1876 2051 1975 2125 qui

383 2169 510 2208 eam
538 2150 714 2209 vitam
742 2149 888 2208 serre
915 2158 1131 2226 posset,
1161 2146 1371 2222 cuique
1397 2165 1513 2205 -non
1544 2145 1797 2205 auferret
1826 2147 1976 2206 fruo-

285 2253 351 2303 20
383 2255 505 2304 tum
532 2247 888 2323 voluptatum
914 2246 1175 2304 omnium
1205 2243 1495 2302 solitudo?

461 2342 684 2400 Verum
711 2361 853 2421 ergo
890 2342 1031 2401 illud
1073 2351 1180 2413 est,
1209 2341 1392 2420 quod,
1417 2359 1451 2398 a
1495 2338 1827 2399 Tarentino
1864 2342 1974 2399 Ar-

385 2437 560 2513 chyta
616 2438 710 2516 (ut
764 2439 997 2519 opinor)
1043 2439 1162 2496 dici
1216 2438 1469 2510 solitum,
1518 2446 1748 2495 nostros
1804 2456 1970 2498 senes

384 2549 837 2594 commemorare
862 2536 1079 2608 audivi,
1112 2536 1184 2593 ab
1226 2535 1353 2594 aliis
1393 2534 1628 2592 senibus
1668 2536 1966 2593 auditum:

383 2637 422 2665 “
447 2630 511 2689 Si
560 2631 688 2707 quis
736 2629 797 2688 in
847 2631 1057 2688 coelum
1115 2631 1528 2703 adscendisset,
1584 2641 1970 2709 naturamque

285 2744 350 2794 25
382 2711 583 2784 mundi
630 2735 689 2784 et
731 2725 1221 2801 pulchritudinem
1267 2727 1519 2786 siderum
1563 2730 1963 2804 perspexisset,

383 2822 679 2880 insuavem
727 2820 883 2877 illam
941 2819 1376 2879 admirationem
1421 2819 1477 2881 ei
1521 2824 1663 2896 sore,
1705 2844 1836 2900 quae
1881 2826 1968 2903 ju·

382 2917 737 2974 cundissima
790 2914 1010 2985 fuisset,
1062 2910 1169 2994 [si]
1230 2916 1479 2991 aliquem
1534 2920 1632 2977 cui
1685 2932 1963 2995 narraret,

381 3009 729 3071 habuisset.'’
814 3011 917 3069 Sic
963 3019 1171 3067 natura
1222 2999 1542 3073 solitarium
1588 3016 1735 3075 nihil
1780 3029 1963 3090 amau
