2159 3400
270 231 355 290 ω
863 241 1042 291 cam
1083 240 1316 298 moa,
1345 240 1474 288 ssu

365 409 591 450 morum
620 391 1004 465 disseruisset,
1035 391 1105 465 is,
1135 392 1235 468 qui
1282 401 1437 449 esset
1491 391 1758 450 omnium
1808 392 1951 470 sapi·

318 472 324 478 ’
364 488 696 546 entissimus
737 488 975 546 oraculo
1018 488 1313 566 Apollinis
1347 488 1660 566 judicatus
1786 489 1951 553 Quid

364 584 588 642 multa?
632 585 737 643 Sic
765 585 910 643 mihi
945 585 1229 662 persuasi,
1256 585 1344 643 sic
1373 585 1581 657 sentio,
1612 604 1750 643 cum
1793 597 1953 647 tanta

366 679 633 740 celeritas
676 681 997 740 animorum
1038 681 1133 754 sit,
1175 691 1338 740 tanta
1377 681 1659 739 memoria
1698 682 1952 758 praeteri·

301 794 335 842 5
365 787 577 850 torum,
607 778 1051 871 futurorumque
1083 778 1425 855 prudentia,
1456 787 1542 835 tot
1572 788 1746 851 arteS,
1777 789 1952 838 tante

366 875 643 947 scientiae,
685 885 772 933 tot
819 875 1071 948 inventa,
1114 893 1240 933 non
1272 894 1445 951 posse
1486 894 1616 933 eam
1659 886 1950 949 naturam,

365 991 492 1048 quae
521 990 614 1030 res
655 991 754 1030 eas
795 972 1113 1045 contineat,
1143 991 1271 1029 esse
1313 971 1648 1030 mortalem:
1698 991 1952 1049 cumque

369 1087 595 1145 semper
639 1070 886 1148 agitetur
928 1069 1176 1142 animus,
1205 1078 1319 1127 nec
1358 1068 1716 1144 principium>
1752 1069 1949 1128 motus

365 1166 593 1239 habeat,
625 1166 762 1242 quia
801 1185 863 1225 se
905 1166 1027 1243 ipse
1067 1175 1298 1223 moveat
1319 1186 1342 1236 ;.
1376 1184 1453 1223 ne
1493 1165 1670 1223 finem
1712 1166 1949 1240 quidem

273 1265 334 1315 10
365 1263 695 1322 habiturum
723 1283 850 1322 esse
878 1264 1092 1335 motsm,
1121 1262 1259 1339 quia
1298 1282 1595 1338 nunquam
1624 1278 1704 1321 se,
1719 1263 1849 1338 ipse
1876 1262 1950 1320 sit

365 1361 708 1418 relicturus:
752 1370 830 1432 et,
861 1379 995 1417 cum
1034 1359 1282 1436 simplex
1316 1359 1495 1417 animi
1537 1370 1750 1419 natura
1775 1370 1950 1433 esset,

363 1475 554 1532 neque
582 1456 819 1514 haberet
847 1455 907 1513 in
935 1475 998 1513 se
1039 1456 1355 1532 quidquam
1397 1455 1712 1514 admixtum
1755 1456 1950 1536 dispar

364 1553 455 1610 sui
478 1563 648 1628 atque
676 1552 973 1624 dissimile,
1002 1571 1121 1610 non
1149 1571 1322 1629 posse
1347 1571 1481 1610 eum
1510 1551 1725 1622 dividi3
1788 1552 1946 1628 quod

365 1648 414 1707 si
441 1668 557 1707 non
584 1648 785 1725 possit,
814 1668 934 1707 non
960 1652 1131 1725 posse
1153 1648 1424 1708 interire:
1468 1666 1799 1726 magnoque
1822 1667 1949 1708 esse

272 1749 336 1799 15
370 1756 730 1823 argumento,
775 1746 1041 1804 homines
1069 1746 1221 1804 scire
1273 1746 1548 1822 pleraque
1597 1755 1731 1803 ante
1774 1764 1952 1822 quam

366 1843 488 1901 nati
537 1842 671 1915 sint,
710 1843 862 1918 quod
910 1843 1032 1920 jam
1076 1843 1262 1920 pueri,
1309 1861 1444 1900 cum
1491 1852 1642 1899 artes
1683 1841 1951 1902 difficiles

366 1941 613 2014 discant,
643 1941 726 1999 ita
745 1940 1012 1998 celeriter
1038 1959 1134 1997 res
1163 1938 1617 1998 innumerabiles
1648 1938 1950 2015 arripiant,

365 2049 430 2098 ut
456 2059 555 2097 eas
583 2057 701 2096 non
730 2047 854 2096 tum
891 2024 1144 2114 primum
1174 2036 1442 2112 accipere
1484 2036 1817 2108 videantur,
1848 2035 1952 2094 sed

365 2135 663 2194 reminisci
691 2144 750 2193 et
775 2134 1085 2193 recordari.
1169 2133 1317 2191 Haec
1346 2133 1512 2196 Plato
1539 2142 1754 2191 noster.

270 2327 335 2378 20
444 2327 649 2386 XXII.
735 2328 911 2406 Apud
958 2327 1411 2404 Xenophontem
1454 2335 1666 2397 autem,
1695 2325 1956 2385 moriens

366 2423 555 2500 Cyrus
602 2425 784 2502 rnajor
832 2423 958 2483 haec
1001 2424 1184 2482 dicit:
1261 2421 1522 2481 “Nolite
1572 2421 1860 2496 arbitrari,
1916 2441 1956 2482 o

365 2519 508 2577 mihi
531 2520 815 2579 carissimi
842 2520 966 2593 filii,
1007 2540 1123 2594 me,
1154 2539 1284 2579 cum
1331 2538 1365 2577 a
1403 2519 1566 2577 vobis
1605 2517 1954 2592 discessero,

366 2633 648 2692 nusquam
679 2627 776 2675 aut
802 2618 1026 2675 nullum
1047 2618 1186 2676 fore.
1270 2616 1405 2676 Nec
1433 2615 1611 2687 enim,
1630 2615 1772 2673 dum
1793 2634 1957 2673 eram

366 2712 688 2786 vobiscum,
736 2713 991 2771 animum
1035 2732 1236 2771 meum
1286 2711 1603 2782 videbatis3
1647 2711 1771 2770 'sed
1816 2730 1958 2770 eum

273 2822 337 2872 25
368 2828 494 2865 esse
524 2808 583 2865 in
612 2808 726 2866 hoc
755 2828 1018 2885 corpore,
1034 2805 1121 2866 'ex
1162 2808 1234 2866 iis
1274 2809 1448 2866 rebus
1476 2828 1619 2886 quas
1655 2809 1958 2886 gerebam,

370 2904 795 2982 intelligebatis.
928 2904 1200 2963 Eundem
1247 2904 1425 2982 igitur
1472 2924 1601 2963 esse
1646 2905 1962 2980 creditote,

368 3001 544 3059 etiam
585 2999 634 3057 si
675 3000 898 3058 nullum
939 3000 1225 3059 videbitis.
1307 3000 1442 3060 Nec
1482 3021 1621 3061 vero
1663 3002 1958 3063 clarorum
