2159 3400
292 211 367 270 10
867 224 1042 275 caro
1081 227 1314 286 naason,
1352 224 1479 295 suu

377 382 662 445 naturam,
684 373 959 449 optimam
975 373 1206 448 ducem,
1224 384 1514 451 tamquam
1531 370 1743 447 Deum,
1763 375 1958 452 sequi-

376 487 523 541 mur,
564 469 733 544 eique
770 486 1070 547 paremus:
1113 490 1149 530 a
1174 471 1308 546 qua,
1344 490 1463 529 non
1490 470 1803 530 verisimile
1841 482 1952 545 est,

377 580 511 622 cum
560 576 782 624 caeterae
822 576 1013 643 partes
1049 568 1249 626 astatis·
1270 569 1419 626 bene
1460 566 1768 644 descriptae
1811 568 1952 641 sint,

377 672 694 719 extremum
721 672 936 736 actum,
966 674 1258 740 tamquam
1286 665 1358 722 ab
1398 624 1569 723 ineiti
1593 664 1792 741 poeta,
1821 680 1952 722 esse

318 772 351 822 5
378 758 724 834 neglectum.
806 760 926 817 Sed
950 769 1146 818 tamen
1173 775 1413 819 necesse
1440 760 1549 823 fiat
1574 778 1702 819 esse
1730 761 1951 837 aliquid

377 865 714 927 extremum,
740 865 819 927 et,
847 862 1139 931 tamquam
1180 856 1240 914 in
1282 858 1549 914 arborum
1589 857 1807 930 bacciS,
1836 867 1954 915 ter·
2021 895 2031 900 -

378 964 574 1026 raeque
618 934 923 1029 frugibus,
990 952 1321 1011 maturitate
1378 953 1717 1030 tempestiva
1782 954 1953 1029 quasi

375 1047 590 1106 vietum
620 1059 677 1106 ct
707 1049 1025 1108 caducum:
1068 1049 1223 1126 quod
1256 1044 1555 1108 ferendum
1581 1059 1670 1107 est
1696 1048 1952 1107 molliter

379 1145 638 1220 sapienti.
718 1145 885 1208 Quid
912 1145 1067 1204 enim
1095 1155 1185 1205 est
1224 1142 1400 1219 aliud,
1428 1144 1728 1223 gigantum
1770 1145 1952 1203 modo

288 1242 350 1292 1⁰
379 1237 592 1300 bellare
621 1260 755 1301 cum
781 1242 930 1315 Diis,
959 1242 1072 1300 nisi
1099 1252 1318 1301 naturae
1343 1242 1707 1320 repugnare?

456 1339 692 1396 Loelius.
773 1338 976 1413 Atqui,
1005 1337 1175 1410 Cato,
1203 1338 1590 1416 gratissimum
1633 1337 1821 1411 nobis,
1853 1335 1952 1416 (ut

379 1434 554 1492 etiam
572 1450 678 1509 pro
699 1433 977 1511 Scipione
999 1433 1304 1516 pollicear)
1328 1433 1555 1519 feceris,
1576 1433 1647 1508 si,
1669 1434 1951 1511 quoniam

379 1546 691 1607 speramus,
738 1529 1028 1608 (volumus
1070 1529 1304 1607 quidem
1351 1530 1536 1612 certe)
1584 1549 1753 1589 senes
1797 1525 1948 1603 fieri,

381 1636 513 1684 ante
539 1625 720 1683 multo
750 1645 784 1684 a
808 1637 866 1684 te
893 1625 1287 1701 didicerimus,
1316 1625 1525 1703 quibus
1550 1626 1823 1686 facillime
1857 1645 1951 1687 rae

289 1731 350 1782 15
378 1722 633 1781 tionibus
661 1722 1158 1800 ingravescentem
1180 1733 1404 1783 aetatem
1427 1723 1575 1783 ferre
1599 1724 1903 1801 possimus

430 1891 433 1894 ι
462 1818 622 1877 Cato.
704 1819 943 1879 Faciam
983 1839 1139 1894 vero,
1167 1820 1343 1893 Laeli3
1383 1820 1699 1897 praa-sertim
1727 1820 1778 1878 si
1805 1820 1947 1879 utri-

377 1933 489 1992 que
516 1915 786 1989 vestrum,
816 1926 880 1975 ut
904 1917 1072 1990 diois,
1102 1927 1328 1995 gratum
1355 1916 1608 1976 futurum
1636 1926 1738 1975 est.

453 2012 666 2090 Scipio.
747 2013 1033 2073 Volumus
1086 2031 1245 2086 sane,
1298 2012 1411 2071 nisi
1463 2014 1767 2072 molestum
1835 2024 1943 2086 est,

433 2120 545 2182 ato,
574 2120 865 2186 tamquam
894 2110 1143 2187 aliquam
1162 2110 1313 2169 viam
1339 2109 1572 2188 longam
1600 2074 1944 2185 cofffgggffsg
2043 2163 2062 2173 -

377 2109 427 2167 C

147 2151 253 2227 3⁴
270 2156 547 2284 &quam
587 2208 754 2265 nobis
781 2226 1010 2284 quoque
1037 2207 1479 2285 ingrediendum
1505 2207 1598 2280 sit,
1628 2206 1799 2279 istuc,
1831 2203 1947 2284 quo

374 2304 703 2380 pervenisti,
730 2304 944 2378 videre,
974 2304 1144 2381 quale
1169 2304 1262 2363 sit.

450 2496 560 2556 III.
647 2496 807 2556 Cato.
891 2497 1150 2571 Faciam,
1180 2508 1244 2556 ut
1280 2507 1502 2575 potero,
1531 2496 1691 2555 Laeli.
1776 2496 1947 2573 Saepe

371 2595 528 2653 enim
557 2594 788 2653 interfui
815 2594 1064 2670 querelis
1102 2612 1362 2653 meorum
1391 2593 1718 2670 aequalium,
1750 2590 1948 2671 (pares

376 2703 565 2750 autem
615 2710 749 2749 cum
786 2690 1041 2768 paribuS,
1085 2690 1263 2749 veteri
1301 2689 1624 2767 proverbio,
1668 2689 1946 2748 facillime

281 2802 346 2854 25
375 2786 849 2868 congregantur,)
878 2805 1006 2863 quae
1047 2786 1116 2845 G.
1145 2786 1453 2859 Salinator,
1480 2805 1608 2862 quae
1649 2786 1749 2863 Sp.
1779 2785 1945 2844 Albi-

335 2911 357 2928 κ
372 2902 501 2956 nus,
557 2883 819 2941 homines
872 2883 1225 2955 consulares,
1278 2882 1462 2942 nostri
1516 2883 1635 2942 sere
1675 2880 1943 2958 aequales,

372 2980 670 3058 deplorare
711 2978 1003 3051 solebant3
1050 2989 1175 3037 tum
1222 2968 1377 3055 quod
1423 2978 1809 3057 voluptatibus
1849 2995 1948 3038 cu-
