2159 3400
331 235 410 295 4⁰
886 243 1063 290 cuo
1104 241 1335 302 nuos,
1375 242 1502 290 suu

428 411 465 451 a
515 392 690 450 sociis
732 390 1048 462 attulisset3
1092 401 1152 449 et
1191 391 1418 451 caeteris
1457 390 1518 448 in
1559 391 1740 449 rebus
1783 411 2011 455 comem

426 506 566 566 erga
599 487 963 564 Lysandrum
1000 497 1171 564 atque
1226 487 1542 549 humanum
1597 487 1802 562 fuisse,
1853 502 1918 549 et
1961 490 2009 548 ei

425 584 732 659 quemdam
786 578 1126 661 conseptum
1189 598 1409 662 agrum,
1452 584 1765 662 diligenter
1822 588 2012 646 consi·

425 690 568 753 tum,
624 681 962 740 ostendisse.
1045 681 1200 740 Cum
1241 691 1433 741 autem
1475 681 1863 741 admiraretur
1905 684 2013 760 Ly·

360 788 393 836 5
426 778 633 836 sander
693 788 752 836 et
790 779 1168 855 proceritates
1216 779 1505 851 arborum,
1534 788 1593 836 et
1640 778 1908 839 directos
1945 780 2008 839 in

320 942 325 948 ⁴
424 873 812 951 quincuncem
840 874 1092 946 ordines,
1121 884 1181 932 et
1208 874 1445 933 humum
1486 875 1792 933 subactam
1835 887 2008 953 atque

423 990 646 1049 puram,
689 982 748 1029 et
787 971 1127 1030 suavitatem
1169 971 1413 1029 odorum
1454 971 1555 1047 qui
1596 971 1934 1030 afflarentur
1973 991 2007 1030 e

424 1068 693 1142 floribus3
736 1079 859 1129 tum
899 1068 1132 1141 dixisse,
1161 1068 1357 1126 mirari
1397 1086 1461 1125 se
1499 1085 1619 1125 non
1655 1066 1839 1125 modo
1882 1068 2008 1127 dili·

423 1167 699 1244 gentiam,
729 1166 832 1224 sed
859 1166 1036 1224 etiam
1084 1164 1377 1223 solertiam
1417 1164 1560 1241 ejus,
1592 1183 1626 1222 a
1655 1183 1774 1239 quo
1812 1175 2007 1223 essent

333 1271 391 1321 10
424 1263 523 1321 illa
562 1264 825 1322 dimensa
868 1273 1039 1338 atque
1079 1261 1395 1338 descripta3
1459 1271 1517 1318 et
1559 1260 1614 1318 ei
1658 1260 1880 1337 Cyrum
1923 1276 2007 1319 re-

423 1361 756 1436 spondisse:
801 1365 839 1391 “
863 1358 1047 1432 Atqui
1086 1375 1195 1434 ego
1233 1357 1430 1415 omnia
1468 1357 1577 1414 ista
1615 1375 1745 1414 sum
1786 1356 2008 1421 dimen-

423 1474 555 1512 sus:
612 1455 729 1511 mei
767 1463 901 1512 sunt
943 1453 1198 1526 ordines,
1243 1470 1375 1511 mea
1413 1452 1764 1529 descripti03
1809 1454 2005 1512 multae

424 1550 599 1607 etiam
653 1551 892 1608 istarum
934 1550 1202 1607 arborum
1242 1551 1374 1607 mea
1414 1568 1589 1607 manu
1629 1558 1765 1607 sunt
1804 1551 2001 1608 satae.'’

426 1642 586 1703 Tum
627 1644 1010 1722 Lysandrum,
1041 1644 1361 1704 intuentem
1402 1644 1526 1723 ejus
1568 1663 1905 1722 purpuram,
1947 1654 2006 1703 et

331 1750 392 1798 15
423 1741 672 1799 nitorem
717 1741 996 1818 corporis,
1041 1751 1423 1818 ornatumque
1470 1742 1771 1800 Persicum
1820 1742 2004 1800 multo

426 1856 566 1897 auro
613 1838 923 1914 multisque
969 1838 1234 1916 gemmiS,
1279 1837 1527 1896 dixisse:
1571 1836 1820 1895 “Recte
1866 1855 2005 1895 vero

423 1949 502 2007 te,
532 1934 706 2012 Cyre,
735 1935 967 1994 beatum
996 1935 1206 2006 ferunt,
1237 1933 1511 2008 quoniam
1538 1932 1732 1991 virtuti
1753 1942 1870 1991 tuae
1891 1933 2005 1992 sor·

423 2043 566 2091 tuna
594 2032 906 2109 conjuncta
932 2033 1075 2089 est.''

502 2130 636 2188 Hac
664 2130 837 2208 igitur
867 2128 1098 2187 fortunii
1127 2128 1237 2186 stui
1265 2127 1403 2185 licet
1430 2126 1697 2185 senibus:
1726 2144 1842 2184 nec
1865 2136 2007 2185 aetas

328 2243 390 2293 20
424 2226 683 2304 impedit,
727 2226 1034 2300 quominus
1074 2234 1134 2282 et
1175 2234 1515 2282 caeterarum
1554 2241 1767 2295 rerum,
1797 2232 1857 2281 et
1898 2222 2006 2281 im·

423 2324 626 2400 primis
671 2322 792 2401 agri
839 2322 1092 2394 colendi,
1134 2321 1327 2380 studia
1365 2330 1664 2402 teneamus
1705 2338 1890 2394 usque
1932 2319 2008 2378 ad

424 2419 690 2478 ultimum
717 2429 942 2495 tempus
971 2417 1304 2477 senectutis.
1388 2416 1472 2475 M.
1516 2416 1748 2493 quidem
1777 2415 2010 2474 Valeri·

425 2535 520 2574 um
561 2515 815 2573 Corvum
856 2515 1186 2592 accepimus
1229 2513 1300 2572 ad
1341 2514 1721 2571 centesimum
1784 2530 2007 2570 annum

421 2611 778 2689 perduxisse,
824 2629 959 2681 cum
1002 2620 1155 2668 esset
1200 2609 1330 2667 actii
1371 2609 1491 2686 jam
1535 2619 1701 2667 aetate
1733 2609 1793 2666 in
1824 2607 2003 2686 agris,

327 2714 390 2765 25
423 2727 634 2784 eosque
676 2707 922 2766 coleret:
980 2706 1147 2782 cujus
1191 2705 1340 2763 inter
1386 2704 1633 2781 primum
1677 2714 1736 2762 et
1776 2714 2005 2763 sextum

423 2802 806 2874 consulatum,
835 2811 1014 2859 sex-et
1041 2801 1419 2876 quadraginta
1448 2800 1582 2858 anni
1598 2800 2002 2859 interfuerunt.

423 2898 628 2972 Itaque
656 2905 934 2971 quantum
954 2895 1200 2971 spatium
1229 2895 1414 2953 aetatis
1442 2896 1688 2974 majores
1712 2897 1899 2954 nostri
1930 2896 2006 2955 ad

428 2990 744 3049 senectutis
765 2991 989 3049 initium
1018 3008 1146 3048 esse
1173 2989 1493 3066 voluerunt,
1522 3001 1716 3050 tantus
1757 2991 1844 3050 illi
1872 3010 2007 3052 cur·
