2159 3400
340 209 419 269 76
748 227 1024 286 muns,
1060 226 1210 274 srvi:
1249 227 1337 274 nr:
1375 226 1692 273 amoma.

433 391 585 431 arem
616 373 792 431 fuisse
816 373 930 452 (sic
972 395 1005 433 a
1047 375 1305 451 patribus
1351 374 1865 454 accepimus)‚‘bis
1888 372 1995 443 uni

431 470 715 541 consuleS,
743 479 802 527 et
828 470 1081 549 collegas
1109 472 1170 529 in
1198 472 1478 530 censura:
1517 480 1641 531 tum
1668 481 1729 528 et
1748 490 1888 529 cum
1913 470 1994 542 iis,

430 576 489 624 et
510 566 659 624 inter
684 584 766 638 se,
809 566 1315 643 conjunctissimos
1341 567 1518 627 fuisse
1544 565 1628 623 Μ’
1662 566 1909 625 Curium
1945 574 1997 622 et

430 661 528 721 Ti.
559 662 1014 735 Coruncanium,
1056 664 1350 723 memoriae
1381 658 1676 741 proditum
1703 674 1810 722 est.
1892 661 1997 740 Igi-

369 767 402 815 5
431 768 520 816 tur
567 777 644 816 ne
685 760 966 836 suspicari
1007 760 1238 836 quidem
1290 779 1610 836 possumus,
1659 776 1996 836 quemquam

326 905 334 923 ,
430 854 638 914 horum
693 858 763 916 ab
819 857 1006 942 amico
1058 857 1353 933 quidpiam
1373 876 1380 883 “
1404 856 1797 929 contendisse,
1851 854 1996 933 quod

431 961 636 1009 contra
670 952 863 1025 fidem,
905 963 1109 1010 contra
1148 952 1567 1029 jusjurandum,
1615 961 1823 1015 contra
1863 970 2000 1010 rem-

429 1048 725 1124 publicam
769 1059 937 1107 esset.
1019 1048 1177 1106 Nam
1226 1049 1341 1106 hoc
1392 1048 1623 1125 quidem
1678 1048 1739 1106 in
1794 1049 2000 1106 talibus

431 1145 566 1205 viris
603 1146 740 1220 quid
784 1146 985 1205 attinet
1021 1145 1235 1217 dicere,
1279 1151 1317 1189 ‘5
1336 1145 1403 1202 Si
1430 1144 1847 1218 contendisset,
1886 1145 2001 1207 scio

341 1250 401 1300 10
428 1241 862 1318 impetraturum
902 1261 1020 1300 non
1063 1241 1335 1300 fuisse'l’'
1380 1260 1512 1300 cum
1542 1240 1626 1298 illi
1652 1239 1999 1301 sanctissimi

429 1338 535 1395 viri
563 1338 810 1408 fuerint3
854 1357 1015 1413 aeque
1043 1349 1233 1396 autem
1260 1337 1421 1396 nefas
1442 1337 1535 1409 sit,
1563 1337 1679 1397 tale
1702 1337 1918 1414 aliquid
1943 1346 1999 1396 et

429 1432 619 1491 facere
661 1443 946 1512 rogatum,
983 1444 1042 1491 et
1080 1453 1303 1512 rogare.
1390 1435 1472 1491 At
1513 1448 1649 1490 vero
1684 1433 1785 1491 Ti.
1823 1434 1999 1499 Grac·

427 1528 602 1586 chum
636 1531 1024 1606 sequebantur
1052 1531 1121 1589 C.
1154 1531 1368 1602 Garbe,
1406 1529 1475 1588 C.
1506 1529 1674 1601 OatO,
1718 1541 1778 1587 et
1811 1527 1999 1606 [mini-

425 1625 579 1706 mus]
611 1634 731 1682 turn
759 1626 991 1703 quidem
1020 1627 1200 1685 Caius
1228 1627 1420 1701 frater,
1461 1645 1619 1691 nunc
1660 1626 1818 1684 idem
1847 1645 1996 1687 acer-

337 1728 397 1778 15
425 1720 618 1779 rimus

502 1913 643 1974 XII.
727 1914 874 1975 Haec
903 1916 1077 1994 igitur
1105 1916 1199 1975 lex
1227 1917 1287 1975 in
1317 1916 1572 1975 amicitia
1593 1915 1908 1988 sanciatur,
1936 1924 1992 1974 ut

426 2030 614 2087 neque
641 2031 908 2090 rogemus
933 2031 1026 2070 res
1055 2022 1272 2089 turpes,
1316 2030 1428 2070 nec
1471 2011 1754 2069 faciamus
1793 2009 1990 2089 rogati.

426 2107 645 2184 Turpis
668 2108 827 2166 enim
854 2109 1151 2174 excusatio
1177 2119 1286 2181 est,
1308 2118 1366 2165 et
1382 2107 1618 2165 minime
1638 2106 1991 2183 accipienda,

428 2222 561 2261 cum
593 2204 652 2261 in
681 2204 904 2262 caeteris
929 2205 1207 2281 peccam,
1243 2214 1365 2261 tum
1394 2203 1443 2260 si
1469 2202 1598 2279 quis
1624 2212 1833 2261 contra
1857 2220 1991 2260 rem·

335 2310 398 2359 20
425 2299 715 2374 publicam
761 2319 822 2357 se
867 2300 1039 2358 amici
1080 2300 1257 2358 causa
1285 2299 1492 2358 fecisse
1520 2298 1781 2356 fateatur.
1864 2298 1989 2355 Ete-

426 2392 546 2474 nim
575 2411 646 2450 eo
673 2394 825 2467 loco,
867 2395 1055 2453 Fanni
1077 2406 1137 2454 et
1166 2396 1445 2467 Scaevola,
1485 2393 1660 2453 locati
1689 2413 1905 2467 sumus,
1932 2402 1987 2451 ut

428 2505 536 2545 nos
561 2487 735 2565 longe
760 2491 1093 2566 prospicere
1133 2502 1396 2568 oporteat
1437 2491 1654 2549 futuros
1695 2508 1868 2549 casus
1891 2488 1989 2548 rei·

424 2582 687 2659 publicae.
793 2584 1045 2642 Deflexit
1087 2587 1243 2644 enim
1300 2587 1419 2662 jam
1464 2585 1880 2661 aliquantulum
1923 2584 1987 2641 de

424 2679 611 2755 spatio
661 2679 1063 2755 curriculoque
1108 2682 1463 2739 consuetudo
1517 2681 1818 2757 majorum.
1896 2679 1983 2738 Ti.

336 2777 399 2826 25
425 2773 726 2831 Gracchus
743 2791 984 2849 regnum
1001 2792 1287 2848 occupare
1306 2787 1548 2834 conatus
1570 2786 1674 2846 est,
1693 2777 1781 2834 vel
1801 2794 1987 2855 regna·

426 2867 507 2924 vit
534 2866 583 2923 is
608 2867 836 2942 quidem
864 2884 1083 2940 paucos
1123 2885 1364 2925 menses.
1446 2869 1606 2928 Num
1637 2871 1777 2947 quid
1814 2870 1987 2929 simile

425 2960 667 3037 populus
709 2958 1008 3017 Romanus
1038 2960 1313 3034 audierat,
1360 2973 1456 3021 aut
1482 2963 1742 3022 viderat?
1801 2965 1987 3038 Hunc,
