2159 3400
294 174 375 234 64
506 182 685 231 cuo
727 153 957 242 muca,
985 182 1113 230 ssu
1154 178 1250 229 DE
1295 179 1739 233 SENECTUTE.

389 352 484 392 me
510 333 632 411 ipse
660 333 1021 406 consolabar,
1050 333 1406 407 existimem,
1434 353 1555 392 non
1582 331 1961 413 longinquum

390 430 538 489 inter
567 448 674 488 nos
701 429 1020 507 digressum
1048 440 1108 488 et
1133 430 1449 489 discessum
1479 430 1620 490 sore.

467 526 581 584 His
607 525 749 584 mihi
775 527 965 601 rebus,
996 527 1217 605 Scipio,
1249 525 1337 605 (id
1364 527 1524 585 enim·
1541 538 1600 585 te
1623 547 1759 586 cum
1783 527 1960 586 Laelio

390 623 659 682 admirari
712 623 900 681 solere
953 623 1177 704 dixisti)
1225 623 1368 682 levis
1410 633 1499 682 est
1525 635 1824 698 senectuS,
1855 643 1961 684 nec

324 733 359 783 5
387 719 573 805 solum
593 739 712 779 non
741 721 1000 793 molesta,
1029 720 1132 779 sed
1152 720 1325 778 etiam
1347 720 1624 798 jucunda.
1705 720 1893 784 Quod
1913 721 1961 780 si

387 817 448 876 in
476 817 592 875 hoc
631 836 779 891 err0,
807 818 960 894 quod
1003 817 1225 875 animos
1263 816 1566 877 hominum
1605 815 1962 882 immortales

385 933 513 973 esse
541 917 792 987 credam,
821 915 1085 974 lubenter
1112 933 1275 972 erro:
1317 932 1430 971 nec
1459 913 1601 971 mihi
1619 914 1783 972 hunc
1810 933 1963 973 erro-

385 1031 528 1086 rem,
571 1032 686 1090 quo
734 1012 1010 1084 delector,
1061 1011 1199 1069 dum
1248 1011 1396 1084 vim,
1441 1012 1773 1086 extorqueri
1812 1013 1958 1070 volo,

387 1110 514 1182 Sin,
544 1120 822 1182 mortuuS,
855 1108 946 1187 (ut
970 1107 1203 1185 quidam
1230 1107 1437 1166 minuti
1464 1107 1801 1184 philosophi
1829 1127 1963 1167 cen-

295 1204 357 1255 10
385 1208 541 1287 sent)
569 1207 714 1265 nihil
755 1206 1030 1276 sentiam3
1072 1223 1192 1262 non
1234 1223 1451 1276 vereor,
1490 1223 1567 1261 ne
1606 1204 1768 1262 hunc
1808 1224 1963 1264 erro-

384 1322 505 1361 rem
555 1321 745 1360 meum
785 1302 996 1360 mortui
1034 1300 1363 1379 philosophi
1404 1300 1696 1360 irrideant.
1780 1302 1963 1365 Quod

384 1397 434 1455 si
462 1415 581 1454 non
609 1416 805 1455 sumus
833 1396 1184 1455 immortales
1212 1396 1410 1469 futuri,
1439 1406 1634 1454 tamen
1662 1398 1963 1476 exstingui

384 1492 607 1550 homini
659 1511 766 1550 suo
806 1503 1063 1568 tempore
1103 1492 1358 1569 optabile
1398 1503 1501 1551 est.
1583 1492 1643 1552 N
1649 1512 1742 1550 am
1786 1494 1964 1553 habet

383 1597 609 1660 natura,
639 1598 702 1647 ut
744 1588 983 1647 aliarum
1024 1589 1285 1647 omnium
1325 1608 1537 1661 rerum,
1566 1589 1652 1647 sic
1700 1589 1959 1663 vivendi,

294 1681 356 1732 15
383 1683 636 1744 modum.
735 1686 1019 1744 Senectus
1068 1695 1258 1744 autem
1297 1686 1555 1762 peractio
1608 1686 1796 1745 aetatis
1851 1698 1960 1761 est,

383 1792 652 1858 tanquam
703 1782 909 1841 fabulae
927 1769 964 1854 ς’
1012 1782 1178 1859 cujus
1225 1782 1698 1860 defatigationem
1755 1782 1962 1862 fugere

385 1880 680 1953 debemuS,
707 1880 1024 1956 praesertim
1055 1879 1326 1957 adjuncta
1355 1880 1635 1939 satietate.

464 1977 612 2037 Haec
666 1976 860 2049 habui,
890 1976 963 2034 de
1017 1986 1318 2034 senectute
1370 1994 1496 2051 quae
1551 1976 1843 2049 dicerem3
1888 1978 1964 2037 ad

385 2095 555 2152 quam
585 2074 803 2133 utinam
824 2072 1202 2150 perveniatis!
1245 2082 1311 2131 ut
1337 2091 1425 2144 ea,
1456 2092 1582 2148 quoe
1626 2091 1698 2130 ex
1738 2092 1834 2131 me
1865 2093 1967 2133 au-

292 2166 357 2217 20
386 2171 571 2244 distis„
599 2189 662 2228 re
690 2168 930 2246 experti,
957 2169 1203 2246 probare
1228 2167 1478 2246 possitis
