2159 3400
473 244 749 305 LAELIUS,
786 245 934 293 slvn
952 245 1065 319 *nn
1100 242 1415 299 Amorru.
1740 231 1822 303 83

131 394 369 455 neutris
411 393 654 471 gratiam
696 394 910 457 referre
936 402 1149 471 posset.
1230 391 1586 469 Quanquam
1631 389 1738 449 mi·

132 511 259 564 ror,
274 490 397 551 ‘illa
436 490 706 567 superbi&
745 501 804 549 et
831 490 1288 566 importunitate,
1315 488 1365 546 si
1392 506 1734 564 quemquam

132 589 362 647 habere
402 588 609 664 potuit.
688 588 883 664 Atque
922 596 988 645 ut
1026 586 1216 664 hujus,
1246 604 1416 662 quem
1448 583 1588 656 dixi,
1617 602 1736 642 mo·

133 700 239 743 tes
277 703 451 745 veros
490 684 709 745 amicos
750 702 964 760 ‚parare
1003 701 1124 742 non
1162 681 1425 759 potuere,
1468 681 1553 738 sio
1593 668 1736 759 mu}-

134 790 339 840 toru-
395 799 561 857 opes-
584 780 1027 856 praepotentium
1081 778 1396 837 excludunt
1451 776 1734 837 amicitias
1762 787 1796 836 5

135 877 365 936 fideles.
448 876 590 937 Non
616 876 785 957 ‘enim
815 876 1001 934 solum
1030 875 1157 952 ipsa
1183 875 1413 932 fortuna
1439 892 1598 932 eaeea
1624 884 1732 947 est,

135 974 245 1032 sed
274 992 393 1032 eos.
408 972 582 1031 etiam
606 973 945 1049 plerumque
971 972 1151 1049 eflicit
1176 990 1386 1043 eaeeos,
1404 989 1551 1046 quos
1578 989 1734 1028 oom-

135 1070 314 1146 plexa
353 1079 457 1127 est.
539 1069 741 1146 Itaque
780 1069 1096 1127 efferuntur
1138 1067 1221 1125 illi
1262 1067 1384 1124 fere
1417 1066 1647 1125 fastidio
1673 1076 1734 1124 et

139 1165 551 1225 contumacia:
580 1184 767 1240 neque
785 1164 1097 1245 quidquam
1118 1162 1426 1240 insipiente
1443 1163 1731 1221 fortunato

139 1261 571 1323 intolerabilius
596 1262 729 1325 fieri
747 1271 952 1337 potest.
1761 1266 1823 1317 10

222 1358 426 1432 Atque
460 1355 578 1415 'hoe
617 1356 850 1435 quidem
878 1357 1070 1414 videre
1097 1354 1255 1428 lieet,
1285 1374 1406 1426 eos,
1435 1353 1533 1430 qui
1563 1365 1731 1412 antea

141 1452 469 1512 commodis
523 1452 756 1513 fuerunt
801 1453 1078 1524 moribus,
1123 1451 1387 1528 imperio,
1426 1460 1730 1528 potestate,

138 1549 435 1627 prosperis
475 1550 666 1621 rebuS,
696 1548 1022 1620 immutari3
1068 1548 1377 1624 spei-nique
1419 1548 1490 1606 ab
1532 1547 1603 1605 iis
1639 1566 1731 1604 ve-

140 1657 299 1706 teres
354 1645 659 1718 amioizias,
710 1644 998 1724 indulgeri
1030 1644 1233 1706 novis.
1314 1643 1482 1708 Quid
1505 1694 1511 1700 .
1537 1654 1726 1703 autem

141 1742 417 1815 stultiuss
438 1762 630 1819 quam,
672 1761 808 1801 eum
846 1743 1160 1819 plurimum
1200 1742 1405 1818 copiis,
1448 1742 1731 1800 facultati·
1760 1749 1821 1799 15

141 1840 273 1912 bus,
302 1839 512 1915 opibus
535 1838 777 1915 possint,
806 1848 1017 1896 eaetera
1049 1857 1275 1915 parare,
1303 1858 1429 1914 quae
1456 1850 1730 1914 parantur

120 1935 416 2012 pecunia,
458 1954 655 2011 equos,
698 1934 962 2007 famulos,
998 1943 1215 1994 vestem
1256 1934 1568 2011 egregiam,
1595 1952 1732 1991 vasa

139 2031 432 2107 pretiosa3
491 2031 706 2092 amieos
758 2049 877 2088 non
928 2048 1151 2106 parare,
1193 2028 1470 2105 optimam
1509 2038 1567 2085 et
1605 2028 1729 2104 pul-

141 2128 490 2189 cherrimam
544 2127 696 2200 vitaz,
750 2137 815 2185 ut
868 2126 949 2185 ita
1001 2125 1214 2198 dicam,
1270 2124 1726 2201 supellectilem?

141 2224 400 2296 Etenim,
430 2234 640 2282 eaetera
665 2243 797 2282 eum
825 2232 1049 2300 parant,
1072 2221 1169 2280 cui
1193 2230 1415 2298 parent,
1437 2220 1723 2294 nesciunt,
1754 2231 1819 2282 20

140 2339 259 2379 nec.
287 2321 453 2397 eujus
479 2321 656 2379 eausa
682 2320 983 2378 laborent:
1037 2318 1163 2396 ejus
1190 2318 1345 2379 enim
1372 2328 1460 2375 est
1486 2317 1726 2376 istorum

139 2417 432 2494 quodque,
477 2418 577 2493 qui
631 2417 813 2474 vineit
865 2416 1121 2473 viribus:
1187 2414 1566 2476 amicitiarum
1622 2436 1728 2476 sna

141 2514 359 2589 cuique
384 2524 685 2590 permanet
725 2512 948 2572 stabilis
991 2522 1049 2570 et
1087 2522 1250 2570 certa
1271 2512 1596 2588 possessio:
1639 2523 1724 2586 ut,

140 2610 318 2668 etiam
360 2611 412 2668 si
453 2610 552 2670 illa
591 2618 882 2682 maneant,
912 2628 1039 2685 quae
1075 2618 1210 2666 sunt
1243 2608 1406 2684 quasi
1435 2609 1588 2667 dona
1614 2608 1726 2667 for·

141 2717 319 2779 tunae,
348 2716 542 2765 tamen
581 2706 698 2765 vita
736 2705 975 2778 inculta,
1018 2714 1077 2763 et
1120 2705 1347 2763 deserta
1387 2706 1458 2763 ab
1500 2704 1722 2777 amieis,
1750 2718 1815 2770 25

142 2822 261 2862 non
289 2802 474 2881 possit
505 2821 630 2861 esse
653 2802 928 2880 jucunda.
1013 2802 1132 2860 Sed
1160 2801 1284 2860 haec
1312 2802 1610 2859 haetenus.

223 2995 392 3056 XVI.
461 2995 871 3056 Constituendi
924 3004 1112 3055 autem
1166 3001 1319 3063 sunt,
1359 2989 1458 3067 qui
1503 2989 1619 3047 sint
1658 2988 1718 3046 in
