2159 3400
680 242 768 292 DE
809 240 1213 297 sumerum.
1763 233 1837 291 17

103 455 107 458 ,
155 391 268 449 sed
297 364 478 450 etiam
507 391 724 470 augeri,
753 396 1022 453 senectus
1048 392 1213 451 solet.
1294 383 1430 449 Nisi
1459 389 1604 449 forte
1631 408 1742 469 ego

84 1611 117 1628 Q

157 488 355 560 vobi8‚
399 487 499 562 qui
537 497 598 545 et
636 487 821 560 miles,
863 497 922 546 et
959 488 1245 561 tribunus,
1288 497 1347 546 et
1391 488 1635 565 legatus,
1679 498 1743 545 et

160 583 396 655 consul,
438 563 704 645 versatus!
734 602 860 641 sum
900 583 961 641 in
988 583 1148 642 vario
1188 602 1401 661 genere
1440 583 1741 656 bellorum,

160 698 401 736 cessare
440 698 598 736 nunc
637 676 855 755 videor,
898 697 1032 739 cum
1072 679 1226 737 bella
1261 698 1382 737 non
1421 698 1578 757 gero.
1658 680 1744 738 At

158 774 416 846 senatui,
463 792 591 850 quae
634 785 768 833 sunt
810 775 1084 854 gerenda,
1130 776 1463 852 prasci-ibo,
1506 786 1565 834 et
1604 795 1743 852 quo-
1771 794 1805 842 5

165 870 378 928 modo:
423 870 781 949 Carthagini,
822 870 972 929 male
1005 871 1253 948 jamdiu
1296 871 1596 950 cogitanti,
1625 873 1743 931 bel-

161 966 290 1025 lum
337 967 523 1025 musto
562 977 699 1026 ante
746 967 1058 1039 denunti03
1115 966 1190 1026 de
1236 970 1351 1044 qud
1398 969 1582 1029 vereri
1621 987 1741 1027 non

169 1073 306 1121 ante
348 1062 627 1137 desinam,
657 1083 826 1139 quam
869 1063 1024 1122 illam
1065 1065 1319 1123 excisam
1359 1083 1486 1123 esse
1527 1083 1742 1142 cogno-

163 1174 325 1217 vero.
369 1219 373 1231 1
670 1156 671 1159 ’
1773 1213 1778 1217 .

246 1254 447 1317 Quam
492 1255 742 1332 palmam
788 1255 1007 1313 utinam
1055 1254 1160 1317 Dii
1209 1255 1560 1314 immortales
1610 1256 1737 1330 tibi,
1772 1262 1835 1312 10

172 1351 397 1428 Scipio,
444 1362 754 1425 reservent,
803 1362 867 1410 ut
914 1351 1003 1410 avi
1045 1352 1319 1429 reliquias
1359 1356 1740 1429 persequare!

28 1474 75 1541 ,ῆι-ι
168 1448 338 1524 cujus
367 1467 400 1506 a
424 1458 611 1509 morto
635 1449 734 1513 hic
755 1448 956 1508 tertius
976 1458 1035 1508 et
1058 1448 1386 1508 tricesimus
1405 1460 1492 1508 est
1520 1469 1737 1511 annus:

33 1561 43 1571 ’
100 1582 107 1587 -
167 1543 272 1602 sed
314 1545 649 1604 memorium
693 1542 847 1604 illius
885 1546 992 1604 viri
1032 1546 1322 1624 excipient
1360 1565 1563 1606 omnes
1604 1548 1740 1606 anni

169 1652 606 1717 consequentes.
704 1642 882 1702 Anno
931 1652 1071 1702 ante
1108 1661 1203 1714 me
1249 1662 1549 1704 censorem
1592 1663 1742 1703 mor·

168 1749 302 1796 tuus
347 1749 454 1810 est,
491 1758 698 1797 novem
748 1740 914 1798 annis
951 1750 1084 1818 post
1122 1759 1313 1800 meum
1354 1742 1737 1814 consulatum,
1772 1753 1833 1803 15

171 1854 305 1893 cum
347 1835 551 1893 consul
592 1836 821 1909 iterum,
862 1855 955 1894 me
996 1838 1259 1910 oonsule,
1300 1848 1529 1898 creatus
1569 1849 1737 1897 esset.

169 1931 329 1990 Num
371 1933 567 2009 igitur,
609 1932 659 1990 si
701 1933 771 1991 ad
812 1934 1194 1992 centesimum
1233 1953 1447 1991 annum
1487 1934 1740 2006 vixisset,

171 2029 485 2086 senectutis
511 2047 645 2086 eum
666 2048 786 2087 suoe.
811 2029 1156 2105 poeniteret'?
1216 2048 1329 2087 nec
1356 2030 1512 2087 enim
1540 2047 1743 2087 excur-

171 2124 354 2196 sione,
398 2142 512 2184 nec
550 2124 721 2197 saltu,
749 2144 861 2182 nec
901 2124 1130 2184 eminus
1171 2124 1369 2197 hasti3‚
1420 2133 1518 2182 aut
1565 2125 1743 2184 comi·

172 2240 281 2278 nus
306 2220 514 2298 gladiis
553 2230 843 2292 uteretur;
885 2221 987 2280 sed
1027 2221 1294 2294 consilio,
1330 2221 1578 2294 ratione,
1614 2240 1742 2280 sen·
1770 2242 1836 2293 ρο

171 2317 384 2388 tenti&
421 2336 549 2393 quae
573 2318 690 2390 nisi
717 2328 910 2377 essent
938 2318 999 2376 in
1025 2317 1281 2390 senibus,
1309 2336 1427 2375 non
1454 2337 1742 2377 summum

175 2413 479 2471 consilium
519 2414 767 2491 majores
805 2414 989 2472 nostri
1031 2405 1413 2491 appell'fissent
1453 2414 1739 2473 Senatum.

175 2508 348 2584 Apud
394 2507 871 2569 Lacedaemonios
916 2510 1171 2586 quidem,
1220 2510 1265 2569 ii
1313 2509 1411 2588 qui
1467 2512 1745 2588 amplissi*

175 2623 331 2662 mum
384 2606 780 2684 magistratum
833 2617 1061 2685 gerunt,
1109 2617 1174 2666 ut
1225 2617 1380 2682 sunt,
1428 2608 1515 2665 sic
1568 2608 1743 2666 etiam

175 2701 562 2777 nominantur,
591 2721 776 2763 senes.
856 2703 1039 2766 Quod
1078 2704 1130 2763 si
1168 2704 1363 2783 legere
1405 2713 1504 2761 aut
1544 2703 1742 2761 audire
1771 2720 1836 2771 m

176 2797 374 2856 voletis
412 2809 670 2873 externa,
711 2799 990 2859 maximas
1028 2800 1384 2877 respublicas
1426 2800 1497 2856 ab
1527 2798 1744 2858 adoles-

176 2896 437 2953 centibus
463 2895 798 2970 labefactas,
830 2915 865 2956 a
889 2896 1125 2955 senibus
1164 2903 1509 2954 sustentatas
1543 2903 1603 2952 et
1628 2912 1743 2952 res·

176 2992 388 3066 titutaS,
418 2991 736 3069 reperietis.

644 3088 685 3145 2
703 3088 738 3122 ᾔ
