2159 3400
533 245 810 306 LAELmS,
844 245 992 301 swa
1029 246 1118 295 nn
1157 237 1879 297 mc1m.85

186 393 364 466 fluat,
395 405 495 453 aut
532 414 608 454 ne
645 395 778 474 plus
817 360 981 473 aequo
1018 396 1215 475 quid
1199 417 1261 455 ιιι
1303 395 1617 456 amicitiam
1649 413 1787 454 con-

90 522 119 527 *
195 500 453 568 geratur.

192 620 201 629 -
281 586 525 646 Tertius
564 606 700 646 vero
743 586 856 647 ille
883 543 1019 647 finis
1055 588 1419 662 deterrimus,
1457 599 1539 663 ut,
1580 588 1781 666 quanti

195 683 445 759 quisque
471 704 534 742 ae
560 685 684 761 ipse
713 682 907 759 faciat,
929 686 1076 744 tanti
1103 687 1203 745 fiat
1231 688 1303 745 ab
1326 688 1542 747 amicis,
1612 688 1781 764 Saepe

194 780 355 845 enim
385 780 448 839 in
472 780 815 856 quibusdam
846 791 947 839 aut
973 782 1196 842 animus
1238 784 1514 861 abjectior
1544 794 1651 856 eat,
1681 793 1780 842 aut
1808 789 1841 838 5

192 895 329 954 spes
350 876 767 952 amplificandae
789 878 1032 937 fortuna
1054 879 1310 938 fractior.
1392 878 1453 937 N
1455 898 1533 938 on
1560 890 1648 938 est
1676 880 1781 958 igi-

191 982 288 1030 tur
337 972 732 1045 amici‚2talem
774 990 901 1033 esse
948 974 1010 1034 in
1055 992 1211 1048 eum,
1252 975 1437 1051 qualis
1478 975 1575 1035 ille
1616 976 1676 1033 in
1716 994 1780 1034 se
1884 1001 1891 1014 ι

188 1078 321 1139 est3
366 1068 469 1126 sed
494 1070 684 1146 potius
711 1071 875 1145 eniti,
904 1082 963 1130 et
992 1073 1243 1145 efficere,
1272 1081 1338 1130 ut
1378 1072 1549 1131 amici
1583 1071 1780 1148 jacen-

188 1175 314 1223 tem
346 1165 597 1225 animum
625 1167 858 1245 excitet,
901 1167 1254 1244 inducatque
1280 1185 1439 1244 spem
1480 1167 1779 1244 cogitatio-

186 1278 447 1336 nemque
471 1263 785 1323 meliorem.
958 1321 967 1325 ,
1295 1314 1298 1319 2
1805 1267 1869 1318 10

270 1358 446 1415 Alius
486 1358 660 1437 igitur
700 1360 832 1418 finis
858 1379 1006 1419 verae
1044 1360 1313 1419 amicitiae
1341 1358 1778 1418 constituendus

185 1464 300 1527 est,
344 1453 394 1515 si
432 1455 610 1530 priua,
652 1456 791 1531 quid
831 1457 1077 1515 maxime
1117 1456 1535 1534 reprehendere
1577 1455 1777 1532 Scipio

186 1550 399 1608 'solitus
419 1551 512 1623 sit,
530 1551 779 1610 edixere.
860 1551 1132 1632 Negabat
1156 1553 1334 1613 ullam
1360 1571 1564 1612 vocem
1589 1552 1778 1610 inimi-

188 1646 411 1706 ciorem
441 1647 706 1707 amicitiae
728 1648 987 1726 potuisse
1015 1649 1275 1728 reperiri,
1306 1668 1477 1726 quam
1503 1650 1646 1728 ejuS,
1669 1648 1775 1726 qui

188 1742 452 1816 dixisset,
481 1744 565 1802 ita
592 1764 783 1804 amare
811 1757 1091 1823 oportere,
1121 1757 1185 1805 ut
1209 1747 1261 1805 si
1290 1747 1597 1823 aliquando
1623 1756 1775 1806 esset
1802 1754 1866 1804 15

189 1857 438 1898 esurus:
480 1859 591 1899 nec
619 1860 755 1899 vero
781 1859 845 1901 se
875 1842 1084 1901 adduci
1109 1862 1297 1919 posse,
1319 1853 1385 1900 ut
1411 1844 1525 1901 hoc
1548 1842 1775 1920 (quem-

191 1935 506 1993 admodum
545 1939 867 2016 putaretur)
913 1956 946 1995 a
985 1938 1196 1995 Biante
1235 1956 1364 1994 esse
1402 1937 1623 1994 dictum
1652 1956 1776 1995 ere-

189 2031 376 2103 deret,
404 2031 503 2116 qui
543 2032 771 2109 sapiens
811 2033 1042 2091 habitus
1083 2043 1235 2100 esset
1270 2051 1421 2090 unus
1452 2051 1487 2089 e
1517 2043 1769 2108 septem3

188 2127 296 2185 sed
337 2127 545 2203 impuri
587 2128 906 2205 cujusdam,
952 2138 1049 2187 aut
1092 2127 1402 2200 ambitiosi,
1440 2138 1536 2186 aut
1576 2128 1773 2187 omnia

191 2223 265 2280 ad
309 2241 468 2280 suam
508 2224 827 2300 potentiam
866 2223 1212 2297 revocantia,
1241 2242 1369 2281 esse
1408 2221 1769 2284 sententiam.
1797 2240 1863 2293 20

185 2318 469 2381 Quonam
497 2319 650 2378 enim
679 2320 854 2380 modo
881 2320 1183 2396 quiequam
1214 2319 1434 2378 amicus
1460 2339 1587 2379 esse
1612 2331 1772 2398 pote-

188 2414 287 2487 rit,
318 2414 415 2491 qui
443 2434 505 2473 se
529 2417 754 2493 putabit
780 2417 1080 2475 inimicum
1110 2435 1238 2475 esse
1265 2418 1480 2493 posse?
1544 2417 1772 2479 Quine-

186 2510 329 2570 tiam
387 2529 625 2570 necesse
671 2513 780 2571 erit
814 2531 1031 2589 cupere
1084 2522 1142 2571 et
1197 2523 1413 2590 optare,
1469 2523 1534 2571 ut
1598 2532 1770 2589 quam

188 2607 504 2683 saepissime
555 2619 762 2685 peccet
815 2608 1052 2681 amicus,
1102 2627 1217 2686 quo
1267 2608 1461 2685 plures
1506 2609 1604 2667 det
1657 2609 1768 2667 sibi

189 2713 464 2779 tanquam
493 2723 659 2762 ansas
688 2704 760 2762 ad
786 2704 1359 2781 reprehendendum:
1401 2723 1629 2763 rursum
1672 2724 1770 2763 au·
1793 2719 1860 2769 25

188 2809 306 2857 tem
333 2808 492 2857 recte
519 2799 688 2858 factis
715 2791 1143 2877 commodisque
1172 2801 1488 2859 amicorum
1527 2815 1770 2857 necesse

189 2895 315 2970 erit,
332 2894 488 2972 angi,
518 2894 733 2969 dolere,
763 2895 1034 2956 invidere.

238 2990 470 3062 „Quare
511 2992 622 3051 hoc
661 2975 898 3068 quidem*
929 3000 1278 3069 praeceptum
1320 2989 1766 3068 (cujuscumque
1833 3040 1842 3050 ,
