2159 3400
2097 0 2142 144 'l

351 372 585 450 optimis
616 371 938 447 quibusque
977 369 1218 431 honoris
1258 379 1564 431 certamen·
1590 378 1653 428 et
1692 369 1944 447 gloriae3
2139 328 2150 407 l

350 488 424 528 ex
464 487 578 543 quo
608 466 944 526 inimicitias
980 467 1261 526 maximas
1287 485 1439 543 saepe
1470 466 1620 524 inter
1651 467 1949 527 amicissi·
2149 444 2153 559 ξ

351 583 478 622 mos
505 563 806 622 exstitisse.
870 561 1096 642 Magna
1111 562 1287 622 etiam
1315 562 1573 635 dissidia,
1596 572 1659 620 et
1681 562 1946 639 plerum·

352 680 463 736 que
505 660 660 736 justa
707 659 892 732 nasci,
933 679 1069 721 cum
1119 659 1335 736 aliquid
1385 661 1457 719 ab
1505 659 1734 733 amicis,
1778 660 1942 737 quod

291 765 323 813 5
352 767 575 815 rectum
612 775 730 815 non
768 767 937 829 esset,
965 756 1385 834 postularetur-3
1427 766 1493 815 ut
1534 766 1633 815 aut
1671 756 1944 816 libidinis

352 852 620 926 ministri,
653 852 1068 930 autadjutores
1096 863 1290 912 essent
1318 852 1391 911 ad
1418 852 1689 930 injuriam
1718 873 1735 912 ε
1775 853 1937 929 quod

352 949 450 1025 qui
480 959 833 1023 recusarent,
863 948 1123 1025 quamvis
1154 949 1396 1007 honeste
1434 948 1493 1006 id
1531 948 1817 1023 facerent,
1840 950 1940 1027 jus

352 1059 544 1105 tamen
578 1046 845 1105 amicitiae
874 1046 1139 1104 deserere
1169 1055 1543 1123 arguerentur
1581 1045 1653 1104 ab
1695 1044 1773 1104 iis
1812 1046 1939 1123 qui-

353 1144 463 1202 bus
510 1143 751 1219 obsequi
796 1143 1017 1202 nollent
1048 1162 1060 1200 :
1120 1141 1251 1200 illos
1295 1151 1510 1214 autem,
1558 1141 1660 1217 qui
1707 1142 1940 1218 quidvis
2151 1168 2153 1217 ἰ

263 1247 325 1299 10
357 1242 428 1300 ab
470 1241 659 1299 amico
701 1239 977 1299 auderent
1016 1238 1329 1314 postulare,
1369 1237 1761 1314 postulatione
1810 1236 1944 1315 ipsi
2149 1226 2153 1291 l

353 1337 629 1414 profiteri,
672 1336 868 1394 omnia
913 1354 974 1393 se
1024 1334 1199 1395 amici
1239 1334 1416 1393 causa
1461 1350 1588 1392 esse
1636 1333 1939 1394 facturos:

355 1453 558 1492 eorum
585 1432 819 1508 querela
855 1431 1200 1490 inveteratas
1236 1450 1354 1489 non
1382 1431 1555 1491 modo
1582 1430 1940 1495 familiarita-

259 215 338 274 74
660 223 936 283 Lamus,
973 222 1125 270 srvs
1164 221 1251 269 ns
1288 221 1607 269 amon-ra.
1713 232 1719 243 ·

355 1540 444 1586 tes
481 1528 773 1605 exstingui
809 1528 1014 1601 solere,
1045 1528 1149 1587 sed
1175 1528 1351 1586 etiam
1377 1527 1511 1586 odia
1535 1527 1701 1605 gigni
1726 1528 1940 1605 sempi-

354 1635 536 1683 terna.
630 1624 779 1683 Haec
826 1624 907 1683 ita
952 1625 1154 1699 multa,
1204 1624 1367 1702 quasi
1414 1624 1550 1698 sata,
1599 1624 1938 1703 impendere

264 1737 326 1786 15
361 1721 650 1796 amicitiis,
704 1733 788 1796 ut,
843 1722 1040 1781 omnia
1105 1722 1522 1801 subterfugere,
1576 1741 1692 1782 non
1759 1722 1939 1781 modo

358 1820 674 1897 sapientiae,
743 1820 845 1879 sed
912 1819 1089 1882 etiam
1156 1818 1468 1892 felicitatis,
1536 1818 1757 1878 diceret
1824 1818 1940 1877 sibi

359 1918 556 1978 videri.

437 2112 547 2172 XI.
627 2112 1028 2176 Quamobrem
1089 2110 1147 2169 id
1213 2081 1485 2188 primum·
1514 2108 1832 2181 videamus,
1885 2108 1941 2167 si
2129 1957 2151 2964 ξ

304 2245 312 2252 -
358 2210 570 2287 placet,
604 2211 888 2285 quatenus
930 2227 1089 2268 amor
1130 2208 1192 2267 in
1233 2206 1490 2266 amicitia
1528 2205 1803 2284 progredi
1842 2204 1944 2264 de-

264 2315 329 2366 20
361 2308 512 2365 beat.
593 2304 775 2379 Num,
804 2306 855 2363 si
887 2304 1237 2364 Coriolanus
1276 2303 1479 2362 habuit
1518 2302 1759 2374 amicos,
1788 2301 1942 2361 ferre

363 2415 566 2461 contra
584 2401 826 2476 patriam
849 2420 1007 2459 arma
1033 2401 1117 2460 illi
1146 2420 1281 2460 cum
1310 2399 1624 2459 Coriolano
1643 2397 1941 2458 debuere?

360 2515 499 2560 num
556 2495 940 2556 Viscellinum
997 2497 1190 2569 amici,
1245 2515 1491 2576 regnum
1552 2504 1940 2572 appetentem,

364 2612 503 2651 num
533 2592 631 2667 Sp.
662 2588 943 2663 Maelium,
972 2591 1298 2652 debuerunt
1317 2593 1556 2671 juvare?

441 2688 539 2748 Ti.
564 2685 797 2763 quidem
816 2686 1151 2745 Gracchum
1177 2688 1594 2764 rempublicam
1615 2699 1940 2761 vexantem,

267 2794 332 2846 25
367 2806 400 2845 a
422 2784 505 2847 Q.
527 2781 863 2852 Tuberone,
887 2781 1316 2857 aequalibusque
1345 2784 1566 2857 amicis,
1596 2784 1942 2842 derelictum

365 2880 714 2941 videbamus.
812 2875 896 2933 At
942 2875 1010 2933 C.
1059 2875 1312 2951 Blosius,
1361 2879 1682 2952 Cumanus,
1732 2880 1946 2957 hospes

366 2976 597 3036 familiai
623 2980 844 3046 vestrae,
866 2971 1147 3049 Scaevola,
1170 2991 1306 3034 cum
1333 2975 1406 3035 ad
1433 2994 1548 3051 me,
1576 2976 1678 3053 qui
1707 2976 1944 3038 aderam
2123 2979 2144 3060 d

2143 3149 2144 3178 l

2139 3235 2144 3294 4
