2159 3400
731 260 819 312 m:
848 240 1253 313 samsom.
1794 253 1875 312 43

201 421 390 471 aetatis
427 411 740 490 peregisse,
781 398 1630 490 nee,‚tanqumn‘ine1ieroitati
1670 412 1784 471 his-

200 508 443 581 triones,
472 508 534 566 in
561 519 817 569 extremo
845 520 980 569 actu
1002 512 1308 570 corruisse.

283 605 530 664 At-sunt
556 607 791 679 morosi,
820 616 879 665 et
921 607 1095 680 anxii,
1125 617 1184 665 et
1225 608 1507 680 iracundi,
1537 617 1597 665 et
1636 606 1781 667 diffi-

203 699 350 758 ciles
377 718 545 758 senes
561 700 1022 777 rsiquaerimus,
1052 702 1228 761 etiam
1255 703 1426 761 avari.
1509 703 1627 761 Sed
1654 703 1780 761 haec

202 814 433 854 morum
460 796 598 855 vitia
623 806 777 869 sunt,
804 816 924 855 non
945 797 1276 857 senectutis,
1360 799 1455 857 Ac
1476 799 1779 857 morositas
1809 806 1843 856 5

201 903 422 966 tamen,
452 903 511 950 et
538 911 614 968 ea*
634 893 774 951 vitia
799 913 926 970 quae
955 894 1092 967 dixi,
1123 895 1338 953 habent
1367 895 1579 971 aliquid
1608 914 1780 954 excu-

201 987 465 1061 sationis,
494 1007 615 1046 non
641 988 795 1047 illius
822 989 1051 1065 quidem
1075 990 1265 1067 justae,
1295 990 1398 1048 sed
1424 1010 1549 1065 quae
1569 993 1777 1066 proba-

201 1085 254 1143 ri
276 1102 451 1161 posse
478 1084 753 1144 videatur.
839 1082 1149 1145 Contemni
1184 1104 1247 1143 se
1285 1095 1508 1162 putant,
1538 1086 1777 1162 despici,

203 1180 390 1239 illudi.
472 1180 760 1239 Praeterea
786 1180 848 1239 in
875 1180 1063 1258 fragili
1094 1199 1333 1257 corpore
1361 1180 1564 1238 odiosa
1590 1181 1779 1240 omnis

202 1276 446 1336 offensio
473 1286 561 1334 est
584 1297 597 1335 ε
640 1296 766 1353 qun
793 1287 987 1337 tamen
1015 1277 1213 1335 omnia
1258 1277 1521 1336 dulciora
1548 1277 1693 1335 fiunt
1720 1288 1780 1335 et
1810 1283 1872 1334 10

201 1373 462 1432 moribus
504 1373 693 1446 bonis,
739 1383 799 1431 et
841 1373 1093 1432 artibus:
1137 1373 1331 1449 idque,
1373 1382 1496 1431 tum
1539 1374 1599 1431 in
1639 1374 1777 1447 vita,

202 1480 329 1531 tum
357 1469 417 1528 in
444 1470 642 1543 scena,
672 1469 916 1548 intelligi
940 1479 1133 1547 potest
1159 1488 1234 1528 ex
1258 1470 1327 1528 iis
1356 1470 1643 1542 fratribus,
1675 1470 1773 1546 qui

203 1567 267 1625 in
296 1571 335 1599 “
353 1566 637 1643 Adelphis
653 1568 688 1595 '’
719 1576 870 1625 sunt.
949 1566 1197 1629 Quanta
1223 1567 1283 1624 in
1326 1567 1507 1625 altero
1536 1567 1776 1640 duritas„

96 1696 101 1702 Α
203 1662 268 1721 in
292 1661 472 1722 altero
500 1662 780 1723 comitas!
864 1663 967 1722 Sic
995 1681 1057 1721 se
1099 1680 1192 1722 res
1232 1664 1423 1723 habet.
1503 1663 1583 1722 Ut
1623 1664 1778 1722 enim

200 1778 321 1818 non
349 1778 522 1818 omne
564 1759 782 1832 vinum,
811 1759 897 1817 sic
923 1779 1042 1818 non
1083 1760 1271 1828 omnis
1298 1771 1454 1832 aetas,
1495 1769 1777 1818 vetustate
1809 1767 1873 1817 15

203 1855 518 1914 coacescit.
602 1856 977 1915 Severitatem
1008 1857 1067 1914 in
1109 1866 1407 1916 senectute
1446 1858 1646 1932 probo,
1676 1856 1779 1914 sed

205 1971 338 2012 eam
385 1951 567 2032 (sicut
621 1952 760 2032 alia)
817 1953 1143 2023 modicam3
1189 1953 1562 2011 acerbitatem
1616 1952 1778 2010 nullo

203 2048 397 2116 modo.
481 2048 745 2107 Avaritia
769 2065 905 2107 vero
933 2048 1132 2110 senilis
1160 2048 1299 2123 quid
1338 2047 1448 2106 sibi
1475 2048 1630 2119 velit,
1659 2066 1778 2107 non

204 2145 482 2224 intelligo.
563 2145 760 2205 Potest
786 2145 942 2203 enim
971 2144 1280 2224 quidquam
1308 2163 1434 2201 esse
1457 2143 1776 2217 absurdius,

201 2260 396 2319 quam,
453 2261 567 2318 quo
621 2241 814 2302 minus
867 2242 973 2300 viae
1025 2250 1223 2314 restat,
1277 2259 1350 2299 eo
1402 2241 1531 2316 plus
1582 2241 1778 2300 viatici
1808 2244 1873 2297 20

201 2338 500 2414 quaerere?

1767 2411 1836 2434 Ἦ

278 2527 453 2587 XIX.
533 2528 767 2591 Quarta
784 2538 962 2587 restat
990 2547 1187 2601 causa,
1224 2548 1351 2605 quae
1391 2531 1639 2588 maxime
1682 2549 1779 2588 an-

201 2643 344 2703 gere
374 2635 545 2702 atque
573 2625 880 2686 sollicitam
909 2626 1124 2684 habere
1162 2635 1414 2684 nostram
1446 2637 1674 2685 aetatem
1698 2626 1780 2683 vi-

166 2721 389 2794 -detur,
439 2722 917 2798 appropinquatio
959 2722 1197 2793 mortis3
1244 2741 1370 2799 quae
1408 2732 1566 2780 certe
1614 2741 1649 2779 a
1694 2740 1781 2779 se-

196 2827 437 2876 nectute
477 2835 595 2876 non
633 2827 825 2893 potest
863 2818 1037 2895 longe
1080 2820 1295 2877 abesse.
1397 2817 1453 2875 O
1507 2818 1775 2876 miserum
1808 2823 1871 2874 25

197 2932 420 2987 senem,
449 2913 566 2989 qui,
596 2924 838 2973 mortem
869 2914 1351 2974 contemnendam
1379 2921 1525 2984 esse,
1555 2913 1614 2969 in
1655 2921 1775 2967 tam

197 3011 373 3090 longa
416 3018 584 3069 aetate
627 3026 747 3068 non
791 3008 1034 3067 viderit!
1078 3027 1205 3084 quae
1255 3016 1354 3065 aut
1397 3006 1569 3082 plane
1595 3002 1777 3078 negli-
