2159 3400
490 263 772 323 LAELms,
808 263 957 310 SIVE
1001 264 1089 310 na
1130 263 1445 311 AmcmA.
1786 258 1868 348 57

186 432 221 470 a
248 411 535 489 patribuS‚
564 412 812 473 maxime
848 413 1281 471 memorabilem
1308 412 1379 471 C.
1407 412 1574 471 Laelii
1611 423 1669 471 et
1704 414 1767 473 P.

184 509 486 585 Scipionis
515 509 959 567 familiaritatem
989 509 1183 583 fuisse,
1208 510 1419 568 idonea
1438 510 1581 568 mihi
1603 511 1770 570 Laelii

184 625 435 682 persona
450 606 575 664 visa
586 615 693 678 est,
708 624 833 682 quae
851 606 924 664 de
944 607 1204 665 amicitia·
1216 624 1286 665 ea
1303 608 1427 684 ipsa
1442 608 1768 682 dissereret,

187 723 313 779 quoe
343 702 635 780 disputata
663 703 734 760 ab
762 722 835 760 eo
862 703 1219 761 meminisset
1251 704 1530 762 Scaevola.

265 800 469 857 Genus
493 809 679 856 autem
710 799 824 857 hoc
851 818 1199 872 sermonum,
1220 801 1470 876 positum
1499 801 1560 859 in
1588 802 1772 861 homi·
1800 823 1833 872 5

185 889 328 954 m'im
369 906 625 954 veterum
676 897 1034 970 auctoritate,
1088 907 1147 955 et
1194 916 1393 956 eorum
1441 898 1767 973 illustrium,

183 992 337 1069 plus,
367 992 567 1049 nescio
598 1011 712 1069 quo
742 1003 933 1068 pacto,
963 993 1187 1051 videtur
1215 993 1427 1055 habere
1455 994 1766 1071 gravitatis

187 1089 395 1164 Itaque
429 1089 571 1165 ipse,
600 1108 731 1147 mea
755 1090 974 1167 legens,
1005 1090 1092 1147 sic
1122 1090 1339 1147 afficior
1368 1090 1676 1162 interdum,
1706 1101 1771 1149 ut

187 1185 497 1258 Catonem,
541 1205 660 1243 non
712 1206 826 1259 me,
874 1187 1032 1263 loqui
1085 1187 1423 1245 existimem.
1523 1187 1661 1260 Sed,
1706 1198 1770 1245 ut

186 1293 312 1340 tum
352 1282 423 1339 ad
462 1301 658 1340 senem
687 1301 865 1340 senex
903 1283 976 1341 de
1017 1293 1335 1356 senectute,
1365 1283 1451 1341 sic
1478 1282 1593 1341 hoc
1619 1283 1769 1342 libro
1801 1294 1864 1344 10

189 1378 263 1436 ad
331 1378 580 1436 amicum
648 1380 1033 1438 amicissimus
1093 1380 1166 1437 de
1228 1379 1485 1438 amicitia
1543 1380 1765 1457 scripsi.

185 1474 350 1533 Tum
379 1484 466 1532 est
493 1475 643 1533 Cato
670 1475 919 1548 locutuS,
943 1496 1055 1552 quo
1081 1486 1205 1534 erat
1231 1496 1404 1534 nemo
1433 1477 1552 1535 fere
1580 1478 1770 1536 senior

187 1572 546 1647 temporibus
572 1571 707 1644 illis,
736 1591 909 1630 nemo
933 1573 1270 1649 prudentior
1293 1593 1308 1631 ι
1349 1593 1508 1631 nunc
1536 1573 1769 1647 Laelius,

187 1678 248 1726 et
298 1667 526 1744 sapiens
570 1666 685 1747 (sic
732 1668 887 1727 enim
935 1679 1024 1728 est
1070 1669 1350 1751 habitus),
1395 1678 1453 1728 et
1503 1671 1770 1730 amicitiae

184 1764 379 1844 gloria
418 1765 726 1838 excellens,
769 1766 842 1823 de
884 1756 1142 1824 amicitia
1182 1767 1449 1844 loquitur.
1531 1767 1652 1840 Tu,
1680 1787 1772 1827 ve-
1804 1787 1865 1836 15

184 1861 314 1933 lim,
359 1862 611 1919 animum
654 1881 688 1920 a
724 1882 816 1920 me
854 1881 1161 1939 parumper
1204 1873 1464 1935 avertas;
1524 1863 1771 1921 Laelium

186 1957 350 2033 loqui
379 1957 566 2034 ipsum
591 1969 776 2035 putes.
857 1959 927 2016 C.
956 1959 1219 2017 Fannius
1246 1970 1304 2017 et
1327 1958 1409 2022 Q.
1433 1957 1671 2017 Mucius
1700 1959 1771 2018 ad

187 2072 459 2112 socerum
500 2054 737 2113 veniunt
774 2066 906 2131 post
944 2065 1185 2113 mortem
1229 2055 1529 2113 Africani:
1575 2056 1646 2113 ab
1682 2056 1773 2113 his

186 2169 385 2209 sermo
411 2150 625 2209 oritur:
666 2151 976 2227 respondet
1010 2151 1256 2223 Laelius;
1301 2151 1465 2228 cujus
1504 2161 1624 2210 tota
1663 2151 1776 2210 dis·

76 2267 81 2270 *
184 2247 416 2325 putatio
457 2257 545 2305 est
583 2247 655 2306 de
698 2248 974 2321 amicitia,
1003 2267 1174 2326 quam
1207 2248 1407 2327 legens
1446 2258 1511 2307 tu
1550 2259 1609 2306 te
1651 2248 1774 2326 ipse
1804 2264 1869 2315 20

188 2359 534 2421 cognosces,

271 2534 354 2594 ΙΙ.
437 2535 718 2595 Fannius,
806 2539 958 2596 Sunt
1011 2538 1141 2612 ista,
1197 2539 1384 2597 Laeli:
1453 2558 1567 2598 nec
1621 2540 1776 2598 enim

154 2632 395 2692 'melior
433 2633 518 2692 vir
560 2633 668 2692 fuit
707 2635 990 2693 Africano
1030 2636 1351 2713 quisquam,
1392 2655 1505 2694 nec
1547 2637 1775 2694 clarior.

189 2729 315 2789 Sed
343 2730 672 2790 existimare
701 2732 897 2804 debes,
927 2733 1184 2791 omnium
1214 2733 1414 2791 oculos
1451 2734 1510 2791 in
1551 2743 1609 2791 te
1650 2751 1778 2790 esse

190 2825 532 2904 conjectos:
583 2846 762 2886 unum
808 2838 866 2886 te
914 2829 1233 2905 sapientem
1278 2838 1337 2887 et
1386 2828 1676 2905 appellant
1722 2838 1781 2886 et
1810 2837 1875 2887 25

189 2923 544 2983 existimant.
626 2924 1021 2983 Tribuebatur
1057 2926 1172 2983 hoc
1205 2924 1378 2983 modo
1410 2923 1493 2982 M.
1526 2923 1738 2980 Catoni
1764 2941 1777 2978 ε

190 3020 434 3093 scimus,
468 3019 536 3078 L.
567 3020 813 3096 Atilium
858 3021 1007 3097 apud
1045 3030 1239 3097 patres
1278 3029 1507 3076 nostros
1536 3015 1782 3092 appella-
