2159 3400
543 230 820 291 muns,
861 229 1011 277 snm
1054 228 1143 276 m:
1171 227 1486 276 Amol-ru.
1814 218 1888 278 81

230 382 438 459 vjttute
482 379 744 457 praedite,
789 398 880 452 eo,
924 379 1021 455 qui
1061 379 1151 438 vel
1201 398 1410 453 amase,
1454 377 1542 436 vel
1593 376 1684 455 (ut
1724 376 1805 436 ita

227 478 449 558 dicam)
480 477 776 535 redamare
820 476 1022 553 possit,
1061 495 1182 534 non
1224 475 1530 535 admodum
1557 474 1805 532 delecta·

229 575 317 632 ri‘l
380 573 459 647 ¹N
463 574 564 631 ihil
586 583 674 635 est
701 574 856 631 enim
879 573 1343 631 remuneratione
1365 571 1799 645 benevolentiae,

227 670 372 729 nihil
415 669 811 729 vicissitudine
855 669 1176 733 studiorum
1225 669 1676 744 officiorumque,
1712 668 1802 746 ju-

227 767 495 827 cundius.
1713 804 1720 811 ·
1829 784 1866 832 5

224 905 231 937 2
302 863 489 926 Quod
517 863 567 920 si
596 862 768 921 etiam
798 861 938 920 illud
969 861 1250 935 addimus,
1292 861 1446 937 quod
1474 871 1631 920 reete
1661 861 1795 919 addi

222 968 437 1037 potest,
466 958 611 1016 nihil
640 977 787 1030 esse,
808 959 960 1035 quod
991 958 1063 1016 ad
1086 976 1149 1016 se
1176 976 1300 1016 rem
1329 957 1503 1015 ullam
1531 967 1649 1015 tam
1677 957 1798 1015 alli-

225 1056 346 1114 ciat
374 1065 434 1112 et
460 1065 577 1112 tam
609 1055 874 1126 attrahat,
902 1074 1074 1131 quam
1095 1054 1166 1115 ad
1198 1053 1507 1112 amicitiam
1537 1053 1798 1111 similitu-

224 1151 339 1221 do;
385 1151 733 1209 concedetur
771 1150 1050 1231 profecto,
1096 1168 1291 1207 verum
1319 1134 1465 1222 esse,
1511 1159 1573 1206 ut
1615 1150 1799 1206 bonos

222 1246 367 1309 boni
394 1246 659 1324 diligant,
703 1246 1144 1321 adsciscantque
1187 1244 1318 1318 sibi,
1362 1244 1525 1321 quasi
1569 1244 1801 1321 propin·
1832 1263 1893 1313 10

216 1343 446 1419 quitate
474 1343 817 1420 conjunctos
839 1352 1008 1418 atque
1034 1342 1259 1400 natura.
1315 1341 1398 1407 ,Ν
1403 1341 1504 1400 ihil
1533 1351 1620 1399 est
1640 1339 1795 1400 enim

224 1439 588 1516 appetentius
629 1439 900 1501 similium
952 1439 1065 1511 sui,
1115 1438 1258 1497 nihil
1297 1438 1582 1515 rapacius,
1626 1456 1796 1513 quam

222 1545 450 1593 natura.
557 1534 951 1596 Quamobrem
1021 1534 1135 1591 hoo
1194 1534 1445 1610 quidem,
1494 1533 1683 1591 Fanni
1735 1542 1797 1591 et

224 1630 508 1715 Seaevola,
539 1640 783 1705 constat,
816 1628 906 1709 (ut
933 1631 1166 1713 opinor)
1216 1630 1383 1689 bonis
1424 1630 1572 1690 inter
1612 1630 1797 1688 bonos

224 1727 392 1804 quasi
438 1727 821 1790 neeessariam
866 1713 1328 1786 ‘benevolentiam
1357 1746 1521 1798 esse3
1565 1727 1663 1803 qui
1711 1736 1798 1784 est
1830 1734 1891 1783 15

225 1823 499 1882 amicitiae
528 1822 658 1881 fons
686 1843 721 1882 a
746 1823 950 1882 natura
991 1824 1355 1882 constitutus,
1439 1822 1557 1880 Sed
1595 1822 1797 1882 eadem

224 1920 461 1978 bonitas
499 1919 673 1977 etiam
723 1919 794 1978 ad
839 1918 1266 1977 multitudinem
1311 1918 1577 1995 pertinet.
1658 1916 1799 1975 Non

224 2024 317 2073 est
341 2014 495 2074 enim
526 2015 840 2073 inhumana
868 2014 1064 2086 virtus,
1092 2033 1278 2090 neque
1300 2013 1585 2090 immanis,
1612 2030 1800 2088 neque

224 2112 512 2189 superba;
571 2130 699 2187 qum
750 2111 924 2168 etiam
976 2110 1221 2187 populos
1274 2109 1572 2167 universos
1625 2108 1796 2181 tueri,

226 2208 430 2282 eisque
458 2208 672 2283 optime
701 2206 1026 2279 consulere,
1055 2206 1238 2276 soleat
1262 2225 1276 2263 ε
1317 2204 1471 2280 quod
1498 2223 1618 2262 non
1647 2204 1799 2262 faee-
1829 2213 1893 2263 20

227 2313 319 2361 ret
343 2302 629 2378 profeotO,
652 2303 702 2361 si
731 2321 765 2359 a
785 2303 1024 2361 caritate
1051 2301 1207 2379 vulgi
1238 2300 1585 2366 abhorreret.

309 2399 508 2472 Atque
536 2399 708 2457 etiam
737 2398 877 2456 mihi
907 2398 1139 2473 quidem
1167 2397 1452 2471 videntur,
1475 2398 1573 2473 qui
1594 2398 1805 2457 utilita-

228 2494 307 2553 tis
330 2495 507 2552 eausa
527 2494 751 2572 fingunt
773 2493 1073 2577 amicitias,
1099 2494 1567 2553 amabilissimum
1587 2496 1805 2555 nodum

231 2589 506 2648 amicitiae
535 2590 752 2649 tollere.
834 2589 975 2648 Non
1019 2590 1176 2649 enim
1218 2600 1335 2648 tam
1381 2591 1599 2650 utilitas
1643 2601 1806 2668 parta

230 2704 335 2763 per
366 2686 637 2758 amicum,
680 2705 852 2761 quam
900 2686 1073 2746 amici
1118 2706 1276 2745 amor
1325 2687 1467 2764 ipse,
1518 2687 1804 2745 delectat:
1837 2694 1901 2744 25

232 2793 471 2858 tumque
500 2781 644 2839 illud
671 2782 755 2855 fit,
786 2782 942 2859 quod
983 2784 1053 2841 ab
1098 2784 1287 2842 amieo
1332 2794 1421 2841 est
1459 2784 1806 2860 profectum,

229 2877 575 2956 jucundum,
632 2877 681 2934 si
730 2896 863 2936 eum
916 2878 1108 2936 studio
1155 2889 1243 2936 est
1287 2877 1647 2954 profectum:
1690 2886 1812 2932 tan-

235 2985 476 3050 tumque
525 2975 706 3046 abest,
753 2983 816 3031 ut
858 2973 1129 3031 amicitiae
1170 2970 1403 3048 propter
1433 2968 1813 3047 indigentiam
