2159 3400
296 223 379 285 68
714 238 988 297 LAELms,
1021 226 1170 284 srvi:
1209 237 1297 283 DE
1336 234 1649 287 Amcma.

467 387 916 465 Agrigentinum
964 388 1218 462 quidem,
1263 388 1497 445 doctum
1549 387 1838 464 quendam
1893 388 1975 445 vi-

389 496 536 555 rum,
564 482 920 541 carminibus
945 484 1572 542 Graecis·vaticinatum
1602 483 1815 556 strunt,
1845 503 1976 559 quae

389 580 451 638 in
478 596 670 638 rerum
696 580 906 637 natura
931 590 1172 656 totoque
1199 580 1419 638 mundo
1445 568 1802 652 constarent,
1824 594 1974 656 quae·

389 690 503 751 que
542 685 929 747 moverentur,
973 695 1046 735 ea
1085 677 1427 734 contrahere
1450 672 1810 748 amicitiam,
1862 676 1974 734 dis-

326 778 360 827 5
389 772 575 848 sipare
617 772 984 831 discordiam.
1068 773 1266 848 Atque
1320 773 1435 830 hoc
1487 772 1722 848 quidem
1771 786 1973 830 omne‘s

387 869 658 927 mortales
685 879 744 926 et
771 869 1121 946 intelligunt,
1150 878 1209 926 et
1234 887 1300 926 re
1325 869 1587 945 probant.
1625 918 1630 919 γ
1671 860 1972 945 Itaque,‘si

386 966 620 1042 quando
642 966 872 1042 aliquod
894 966 1150 1024 officium
1172 966 1388 1024 exstitit
1411 965 1583 1023 amici
1611 964 1672 1022 in
1699 966 1974 1042 periculis

389 1073 489 1121 aut
532 1063 812 1122 adeundis
854 1073 950 1125 aut
992 1062 1513 1134 communicandiS,
1553 1062 1690 1138 quis
1730 1072 1840 1134 est,
1874 1062 1971 1138 qui

388 1159 450 1218 id
477 1179 597 1219 non
624 1161 889 1218 maximis
916 1160 1120 1218 efferati
1143 1159 1454 1223 laudibus?
1533 1158 1660 1221 Qui
1690 1159 1972 1217 clamores

298 1258 360 1308 1⁰
389 1257 512 1314 tota
553 1257 732 1315 cavea
784 1275 966 1332 nuper
1007 1257 1067 1314 in
1110 1256 1352 1332 hospitis
1394 1265 1452 1313 et
1493 1254 1666 1313 amici
1707 1255 1845 1328 mei,
1886 1254 1970 1313 M.

389 1352 649 1425 Pacuvii,
677 1353 829 1410 nova
858 1353 1085 1423 fabul&
1129 1371 1283 1424 cum,
1314 1351 1618 1430 ignorante
1659 1365 1819 1429 rege,
1848 1361 1974 1410 uter

389 1462 591 1506 eorum
639 1458 792 1506 esset
837 1448 1100 1521 Orestes,
1137 1449 1388 1524 Pylades
1426 1444 1695 1507 Orestem
1737 1460 1802 1505 se
1848 1466 1976 1506 esse

389 1542 630 1615 diceret,
659 1554 722 1602 ut
746 1563 854 1620 pro
882 1545 982 1603 illo
1006 1554 1366 1617 necareturf
1388 1544 1872 1617 Orestesautem,
1895 1545 1978 1603 ita

388 1648 453 1696 ut
479 1650 624 1712 erat,
651 1639 919 1700 Orestem
962 1660 1025 1699 se
1065 1660 1192 1700 esse
1226 1641 1654 1719 perseveraret!
1738 1642 1976 1700 Stantes

299 1741 361 1791 15
390 1735 742 1812 plaudebant
783 1737 843 1793 in
870 1753 949 1793 *re
987 1736 1164 1794 ficta:
1208 1737 1345 1812 quid
1378 1737 1717 1795 arbitramur
1748 1737 1810 1794 in
1843 1737 1977 1794 vera

392 1831 569 1891 fuisse
615 1832 908 1891 facturos?
980 1833 1206 1891 ¹Facile
1255 1831 1550 1891 indicabat
1596 1833 1722 1910 ipsa
1768 1844 1979 1892 natura

391 1928 507 1987 vim
547 1947 731 2001 suam,
773 1949 907 1987 cum
946 1930 1231 2001 homines,
1274 1930 1430 2004 quod
1470 1930 1661 1987 facere
1703 1929 1815 2006 ipsi
1857 1931 1978 1988 non

388 2035 642 2102 possent,
671 2025 731 2084 id
758 2034 915 2083 recte
943 2024 1068 2082 fieri
1098 2025 1159 2082 in
1189 2023 1369 2081 altero
1390 2024 1733 2100 judicarent.

471 2121 774 2181 Hactenus
814 2122 957 2179 mihi
990 2122 1207 2193 videor,
1238 2120 1310 2177 de
1341 2120 1596 2178 amicitia
1630 2120 1769 2196 quid
1803 2122 1981 2179 sentia

298 2221 362 2271 20
392 2237 534 2289 rem,
555 2218 811 2294 potuisse
831 2218 1044 2276 dicere.
1116 2217 1296 2293 Siqua
1313 2213 1591 2294 praeterea
1614 2227 1748 2274 sunt
1772 2217 1980 2296 (credo

394 2323 587 2371 autem
626 2333 754 2371 esse
794 2314 1024 2393 multa),
1060 2315 1132 2372 ab
1170 2313 1261 2385 iis,
1300 2314 1347 2370 si
1385 2312 1691 2385 videbitur,
1725 2314 1825 2389 qui
1868 2314 1983 2371 ista

392 2405 707 2483 disputant,
737 2410 1054 2484 quaeritote.

471 2503 754 2562 Fannius.
838 2504 968 2563 Nos
1002 2515 1193 2563 autem
1224 2525 1258 2564 a
1283 2515 1343 2563 te
1372 2505 1598 2581 potius;
1642 2523 1978 2582 quanquam

393 2598 568 2656 etiam
597 2600 669 2656 ab
697 2599 821 2656 istis
841 2605 992 2675 sae'tpe
1010 2601 1268 2675 quaesivi,
1292 2611 1350 2659 et
1380 2601 1591 2673 audivi,
1614 2620 1732 2666 non
1760 2601 1980 2660 invitus

299 2704 364 2755 25
394 2694 658 2771 equidem
691 2715 704 2752 ε
753 2696 855 2752 sed
903 2696 1060 2753 aliud
1108 2696 1397 2771 quoddam
1444 2698 1766 2773 expetimus
1814 2693 1978 2756 filum

392 2790 671 2849 orationis
697 2799 828 2847 tuae.

471 2883 743 2942 Scaevola.
825 2883 986 2942 Tum·
1031 2884 1217 2961 magis
1271 2885 1331 2943 id
1378 2887 1625 2961 diceres,
1674 2889 1888 2961 Fanni,
1929 2889 1980 2946 si

394 2998 580 3057 nuper
617 2979 679 3038 in
718 2979 897 3039 hortis
937 2978 1248 3056 Scipionis,
1287 2996 1421 3044 eum
1449 2993 1538 3041 est
1564 2985 1638 3043 de
1678 2985 1984 3063 republica
