2159 3400
532 225 810 286 mune,
847 226 996 275 snm
1035 218 1126 273 nn
1162 224 1477 273 Amclm.
1799 216 1880 276 65

199 375 415 434 landos
439 384 734 451 putemus;
754 432 758 437 ,
776 375 915 451 quia
937 385 1250 450 sequantur
1279 371 1586 452 (quantum
1606 373 1789 432 homi-

198 491 315 529 nes
366 470 636 551 possunt)
691 481 979 544 naturam,
1027 471 1312 549 optimam
1357 471 1507 531 bene
1558 469 1788 528 vivendi

200 569 436 626 ducem.
506 568 625 627 ,Sic
671 568 827 626 enim
872 568 1015 629 mihi
1065 567 1395 645 perspicere
1441 567 1671 641 videor„
1707 567 1790 626 ita

200 675 377 723 natos
423 682 553 722 esse
596 677 724 736 noe,
771 675 836 723 ut
881 664 1029 721 inter
1060 683 1285 722 omnes
1337 674 1490 722 esset
1540 664 1791 723 societas

201 760 505 837 quaedam:
573 761 756 838 major
824 771 1036 833 autem,
1093 769 1158 825 ‚ut
1222 760 1464 838 quisque
1526 761 1787 837 proxime
1815 771 1849 821 5

204 856 553 915 accederet:
597 857 791 933 itaque
832 857 990 915 cives
1029 857 1283 934 potiores
1324 875 1494 932 quam
1536 857 1789 935 peregri-

201 954 303 1027 ni3
360 963 420 1010 et
464 938 785 1030 propinqui,
829 972 1001 1030 quam
1050 953 1256 1011 alieni:
1315 972 1448 1011 cum
1495 953 1585 1010 his
1630 953 1787 1010 enim

152 1118 165 1123 ,
204 1050 526 1107 amicitiam
557 1059 763 1108 natura
789 1050 913 1127 ipsa
936 1049 1177 1127 peperit.
1259 1049 1377 1107 Sed
1405 1068 1477 1107 ca
1501 1068 1621 1107 non
1648 1049 1788 1109 satis

202 1147 383 1204 habet
427 1146 744 1210 firmitatis:
800 1165 1049 1222 namque
1096 1144 1210 1203 hoc
1253 1155 1486 1222 praestat
1534 1144 1789 1203 amicitia

201 1242 640 1319 propinquitati,
664 1243 814 1319 quod
841 1262 914 1302 ex
936 1241 1359 1319 propinquitate
1387 1240 1789 1299 benevolentia
1817 1252 1878 1303 10

201 1339 341 1399 tolli*
359 1346 567 1414 potest,
590 1354 665 1397 ex
689 1339 945 1401 micitia
973 1357 1091 1397 non
1117 1348 1335 1415 potest:
1378 1338 1603 1431 sublata
1630 1338 1786 1399 enim

203 1436 632 1508 benevolentis„
664 1431 940 1495 amicitiae>
957 1454 1175 1494 nomen
1198 1436 1437 1508 tollitur,
1458 1435 1789 1517 propinqui-

204 1531 342 1591 tatis
370 1541 581 1590 manet.
660 1532 905 1594 Quanta
931 1543 1122 1592 autem
1159 1532 1246 1590 vis
1288 1533 1555 1591 amicitiae
1591 1533 1684 1605 sit,
1713 1551 1787 1590 ex

112 1632 117 1637 ’
204 1629 323 1686 hoc
371 1628 616 1707 intelligi
669 1629 916 1687 maxime
960 1639 1169 1707 potest,
1218 1630 1391 1707 quod,
1440 1648 1513 1687 ex
1560 1629 1785 1689 infinita

203 1726 490 1784 societate
523 1726 752 1804 generis
787 1727 1045 1799 humani,
1074 1746 1246 1804 quam
1288 1727 1622 1809 conciliavit
1662 1726 1787 1803 ipsa
1815 1737 1877 1788 15

202 1831 433 1894 natura,
472 1822 555 1881 ita
589 1833 890 1882 contracta
926 1843 1021 1881 res
1059 1834 1166 1896 est,
1200 1833 1260 1881 et
1296 1807 1548 1882 adducta
1587 1823 1648 1881 in
1690 1842 1787 1880 an-

203 1929 460 1997 gustum,
484 1929 546 1976 ut
571 1920 759 1978 omnis
787 1919 998 1988 caritas
1026 1929 1125 1978 aut
1151 1920 1300 1977 inter
1323 1920 1490 1991 dune,
1511 1928 1609 1977 aut
1635 1919 1785 1979 inter

202 2034 446 2093 paucOS,
468 2016 823 2095 jungeretur.
1129 2027 1138 2034 '

756 2131 769 2160 l

285 2195 390 2266 Vi.
473 2208 580 2266 Est
648 2219 837 2267 autem
907 2208 1166 2267 amicitia
1228 2207 1371 2265 nihil
1440 2207 1615 2279 aliud,
1669 2205 1783 2264 nisi

202 2303 467 2363 omnium
504 2305 826 2363 divinarum
871 2306 1364 2381 humanarumque
1399 2322 1612 2377 rerum,
1649 2324 1781 2363 cum
1810 2314 1878 2364 m

200 2401 610 2460 benevolentia
647 2412 705 2460 et
740 2402 1000 2473 caritate,
1029 2420 1256 2460 summa
1279 2402 1626 2460 consensio:
1669 2401 1785 2478 qua

201 2496 438 2574 quidem
480 2495 634 2555 haud
674 2498 819 2571 sci0,
855 2509 948 2571 an,
985 2498 1230 2575 excepta
1275 2499 1579 2575 sapientia,
1624 2499 1786 2574 quid-

199 2612 377 2670 quam
430 2594 636 2652 melius
689 2594 911 2652 homini
964 2595 1039 2653 sit
1083 2614 1131 2653 a
1180 2594 1313 2653 Diis
1366 2595 1784 2654 immortalibus

199 2693 420 2751 datum.
528 2679 776 2749 Divitias
837 2691 936 2748 alii
992 2709 1358 2768 praeponunt,
1410 2692 1622 2750 bonam
1684 2691 1782 2749 alii

198 2786 614 2860 valetudinem,
659 2786 756 2845 alii
797 2775 1136 2863 potentiam,
1176 2788 1272 2847 alii
1307 2775 1577 2860 honoreS,
1615 2786 1781 2845 multi
1808 2799 1872 2850 25

196 2883 376 2942 etiam
406 2883 738 2960 voluptates,
822 2882 1154 2942 Belluarum
1186 2885 1301 2942 hoc
1327 2883 1558 2959 quidem
1599 2879 1782 2938 extre-

196 2998 361 3039 mum
382 2988 500 3037 est:
543 2978 643 3037 illa
664 2988 857 3037 autem
876 2979 1191 3056 superiora,
1214 2977 1439 3036 caduca
1455 2987 1515 3035 ct
1536 2976 1776 3045 incerta,

597 3075 639 3132 6
659 3073 694 3109 ι
