2159 3400
723 246 811 297 DE
853 247 1254 297 SENECTUTE.
1776 237 1819 296 9

201 392 303 452 Π.
378 393 596 470 Scipio.
678 394 1087 483 Soepenumero
1116 394 1386 454 admirari
1412 395 1571 454 soleo
1592 413 1728 453 cum

102 490 251 549 hoc
278 489 361 548 C.
397 488 599 562 Laelio,
622 499 744 547 tum
772 500 1108 551 coeterarum
1136 510 1328 549 rerum
1357 501 1513 550 tuam
1541 490 1729 549 excel-

105 588 395 659 lentem,
425 584 509 644 Μ.
539 584 707 658 Cato,
738 587 1165 662 perfectamque
1205 586 1563 664 sapientiam,
1603 597 1727 645 tum

112 682 224 741 vel
257 681 545 754 maxime,
574 682 728 757 quod
754 701 1048 758 nunquam
1075 692 1432 742 senectutem
1459 683 1566 742 tibi
1602 702 1728 761 gra·

116 797 274 837 vem
329 795 463 835 esse
506 777 819 837 senserim:
851 797 976 854 quae
1020 778 1310 855 plerisque
1357 779 1592 838 senibus
1638 779 1724 838 sic
1751 796 1785 846 5

121 874 361 933 odiosa
423 884 527 947 est,
584 883 647 933 ut
699 893 846 933 onus
897 893 961 933 se
1014 875 1195 935 Εἰπὲ,
1248 876 1477 954 gravius
1526 876 1726 934 dicant

125 970 460 1029 sustinere.

225 1066 404 1125 Cato.
485 1065 640 1124 Rem
688 1065 841 1125 haud
883 1085 1021 1125 sane
1069 1067 1383 1139 difficilem,
1426 1068 1625 1144 Scipio
1665 1077 1724 1126 et

134 1162 321 1234 Laeli,
347 1162 617 1221 admirari
639 1161 926 1221 videmini.
993 1161 1231 1225 Quibus
1258 1162 1412 1220 enim
1433 1163 1576 1222 nihil
1597 1163 1724 1240 opis

139 1270 239 1317 est
268 1258 333 1316 in
363 1257 501 1335 ipsis
530 1257 600 1317 ad
622 1259 769 1319 bene
796 1259 1075 1334 beateque
1096 1258 1421 1331 vivendum,
1445 1259 1515 1317 iis
1536 1260 1723 1329 omnis
1753 1266 1815 1316 lo

145 1354 348 1435 gravis
375 1364 463 1413 est
490 1366 662 1413 aetas:
707 1354 805 1430 qui
834 1365 1024 1413 autem
1051 1355 1249 1413 omnia
1282 1356 1437 1414 bona
1463 1375 1497 1414 a
1521 1355 1724 1432 seipsis

145 1461 380 1530 petunt,
404 1450 475 1509 iis
494 1451 638 1509 nihil
669 1462 858 1528 potest
876 1452 1092 1510 malum
1112 1451 1313 1525 videri,
1331 1453 1484 1528 quod
1504 1462 1723 1512 naturae

150 1548 474 1607 necessitas
510 1548 723 1607 afferat.
801 1547 945 1611 Quo
972 1548 1032 1606 in
1061 1568 1275 1627 genere
1302 1548 1362 1607 in
1396 1549 1597 1626 primis
1636 1560 1725 1608 est

156 1653 446 1719 senectus,
488 1663 660 1722 quam
701 1654 765 1703 ut
806 1644 1213 1722 adipiscantur,
1255 1664 1454 1705 omnes
1490 1636 1719 1723 optant:

159 1742 400 1801 eandem
430 1752 706 1802 accusant
748 1742 981 1819 adepti-z
1023 1752 1185 1802 tanta
1210 1753 1297 1802 est
1336 1743 1724 1802 inconstantia
1754 1752 1816 1803 15

162 1838 435 1911 stultitiae,
467 1825 636 1915 atoue
659 1839 1016 1916 perversitas.

244 1934 555 2012 Obrepere,
585 1935 764 2008 aiunt,
807 1954 932 1993 eam
975 1934 1149 1993 citius
1198 1953 1368 2011 quam
1405 1935 1720 2011 putassent.

168 2029 438 2105 Primum,
480 2031 609 2107 quis
662 2031 857 2109 coegit
910 2049 1012 2089 eos
1058 2031 1264 2089 salsum
1316 2033 1563 2108 putare?
1622 2031 1722 2107 qui

174 2128 323 2186 enim
360 2128 529 2186 citius
570 2126 969 2187 adolescentiae
1010 2137 1297 2200 senectus,
1328 2145 1497 2203 quam
1535 2127 1725 2204 pueri·

177 2225 269 2284 tiae
291 2243 296 2251 ·
315 2224 713 2296 adolescentia,
750 2223 1014 2301 obrepit'l
1094 2222 1343 2295 Deinde,
1387 2222 1486 2299 qui
1532 2224 1724 2283 minus
1750 2233 1816 2284 20

182 2320 356 2399 gravis
405 2331 554 2378 esset
609 2319 681 2378 iis
733 2329 1020 2391 senectus,
1075 2318 1126 2375 si
1183 2318 1725 2396 octingentesimum

187 2436 378 2475 annum
406 2427 658 2495 agerent,
687 2435 859 2492 quam
887 2414 1347 2492 octogesimum?
1427 2416 1729 2476 Praeterita

191 2511 332 2569 enim
355 2522 501 2585 etas»,
543 2511 801 2588 quamvis
826 2511 1020 2587 longa,
1050 2528 1185 2567 cum
1213 2510 1539 2584 effinxisset,
1567 2512 1728 2570 nulla

154 2613 159 2618 ’
194 2591 556 2666 consolatione
605 2607 966 2685 permulcere
1011 2616 1206 2683 posset
1251 2606 1482 2665 stultam
1530 2625 1728 2666 senec-

195 2713 367 2766 tutem.
1752 2719 1820 2769 25

135 2829 171 2848 *-
261 2798 559 2874 Quocirca,
580 2799 630 2859 si
650 2798 989 2878 sapientiam
1008 2818 1196 2858 meam
1222 2798 1488 2856 admirari
1509 2799 1726 2872 soletis,
1747 2784 1821 2804 '⁶'

200 2895 335 2974 (quae
355 2896 566 2956 utinam
593 2895 770 2974 digna
794 2904 946 2954 esset
972 2893 1245 2970 opinione
1274 2893 1480 2965 vestrfi,
1508 2902 1729 2951 nostro-

201 3012 294 3070 que
319 2990 648 3071 cognomine
665 2992 710 3072 !)
753 2992 814 3051 in
852 2991 967 3049 hoc
1012 3007 1211 3047 sumus
1238 2987 1543 3063 sapientes,
1573 2984 1730 3060 quod
