2159 3400
327 248 406 308 72
730 254 1007 315 LAELIUS,
1040 258 1189 305 sive
1228 256 1316 304 DE
1353 256 1675 305 mermi.

419 407 561 466 tiam
629 407 1006 465 consuetudo.
1122 405 1260 479 Sed,
1325 400 1652 482 quanquam
1722 406 2008 466 utilitates

310 532 315 537 ·
418 504 611 573 multae
671 513 730 561 et
788 521 1014 580 magnae
1077 512 1410 561 consecutae
1466 513 1620 575 sunt,
1682 521 1805 561 non
1868 513 2008 562 sunt

419 611 611 659 tamen
655 601 727 657 ab
767 619 966 659 earum
1006 619 1108 677 spe
1150 619 1339 659 causae
1381 599 1662 677 diligendi
1699 600 2004 677 profectae.

494 696 574 754 Ut
614 697 769 755 enim
810 697 1057 755 benefici
1099 696 1480 779 liberalesque
1525 715 1742 769 sumus»,
1772 715 1896 757 non
1939 707 2007 755 ut

356 809 390 859 5
419 793 715 871 exigamus
743 795 986 871 gratiam
1017 792 1234 872 (neque
1257 793 1419 851 enim
1445 792 1798 851 beneficium
1828 793 2009 851 soene-

418 893 660 972 ramur),
723 890 823 948 sed
878 891 1087 948 natura
1116 890 1410 966 ‘propensi
1467 889 1539 947 ad
1590 889 2005 947 liberalitatem

316 996 321 999 “
419 1007 642 1058 sumus;
683 988 769 1045 sic
798 987 1132 1059 amicitiam,
1151 1005 1270 1044 non
1298 1005 1399 1062 spe
1426 985 1714 1047 mercedis
1742 986 2003 1058 adducti,

418 1085 522 1142 sed
549 1085 704 1160 quod
732 1084 921 1143 omnis
947 1084 1074 1161 ejus
1111 1083 1331 1141 fructus
1359 1083 1419 1142 in
1448 1082 1578 1159 ipso
1602 1100 1801 1140 amore
1830 1083 2003 1155 inest,

419 1181 800 1258 expetendam
823 1193 1108 1257 putamus.

329 1291 390 1341 10
498 1279 596 1336 Ab
624 1278 714 1349 iis,
742 1277 839 1354 qui
865 1277 1155 1354 pecudum
1184 1276 1297 1334 ritu
1326 1276 1398 1333 ad
1423 1275 1778 1351 voluptatem
1807 1276 2007 1333 omnia

420 1375 694 1445 referunt,
736 1374 906 1450 longe
944 1373 1355 1433 dissentimus:
1405 1392 1518 1430 nec
1555 1373 1807 1430 mirum:
1857 1372 2006 1431 nihil

420 1470 577 1528 enim
604 1470 802 1541 altum,
831 1470 973 1527 nihil
1004 1469 1377 1546 magnificum
1415 1489 1486 1528 ac
1507 1466 1793 1541 divinum,
1824 1469 2002 1545 suspi-

421 1583 555 1623 cere
583 1575 846 1641 possunt,
875 1566 974 1641 qui
1015 1585 1151 1624 suas
1191 1585 1391 1624 omnes
1432 1565 1821 1643 cogitationes
1851 1566 2008 1643 abje-

420 1671 626 1719 cerunt
647 1661 707 1719 in
729 1680 851 1719 rem
871 1672 989 1720 tam
1012 1660 1309 1734 humilem,
1332 1671 1566 1738 tamque
1587 1670 2001 1740 contemptam.

329 1774 392 1824 15
418 1758 838 1830 Quamobrem,
869 1760 976 1817 hos
1004 1759 1237 1834 quidem
1276 1760 1360 1819 ab·
1380 1758 1494 1816 hoc
1521 1777 1788 1817 sermone
1818 1777 2006 1817 remo·

420 1874 697 1913 veamus:
754 1855 862 1932 ipsi
904 1866 1097 1913 autem
1139 1855 1547 1932 intelligamuS,
1589 1855 1796 1913 natura
1839 1855 2003 1934 gigni

421 1973 654 2012 sensum
719 1952 1019 2029 diligendi,
1081 1962 1141 2010 et
1201 1951 1615 2010 benevolentiae
1676 1952 2001 2023 caritatem,

422 2051 578 2110 facta
605 2045 1030 2127 significatione
1055 2048 1395 2126 probitatis;
1439 2050 1608 2124 quam
1646 2049 1745 2123 qui
1785 2049 2005 2125 appeti-

420 2157 645 2219 verunt,
669 2146 958 2222 applicant
985 2164 1132 2216 sese,
1155 2155 1215 2202 et
1238 2145 1473 2221 propius
1502 2144 1828 2217 admovent,
1850 2155 1917 2203 ut
1944 2156 2004 2203 et

328 2255 392 2312 20
424 2262 529 2300 usu
565 2242 708 2317 ejuS,
752 2260 922 2317 quem
972 2240 1213 2317 diligere
1253 2249 1571 2315 coeperunt,
1619 2239 1904 2312 fruantur,
1944 2252 2003 2298 et

421 2338 715 2407 moribus;
759 2337 988 2413 sintque
1027 2356 1197 2412 pares
1238 2336 1299 2394 in
1341 2355 1553 2408 amore,
1596 2345 1655 2392 et
1705 2338 1999 2413 aequales;

418 2433 930 2510 propensioresque
986 2434 1057 2491 ad
1107 2435 1255 2491 bene
1302 2432 1658 2504 merendum,
1704 2452 1879 2508 quam
1930 2434 2001 2492 ad

421 2530 836 2603 reposcendum
868 2550 881 2586 :
934 2540 1103 2604 atque
1144 2529 1269 2587 haec
1310 2529 1458 2587 inter
1501 2547 1601 2586 eos
1642 2529 1716 2586 sit
1758 2530 2004 2588 honesta

423 2623 681 2682 certatio.
766 2624 870 2682 Sic
909 2635 968 2682 et
1008 2626 1286 2684 utilitates
1326 2644 1398 2682 ex
1440 2624 1698 2682 amicitia
1733 2626 2002 2684 maximae

326 2727 393 2779 25
424 2720 759 2794 capientur:
802 2730 861 2778 et
892 2721 1003 2778 erit
1029 2721 1155 2796 ejus
1181 2731 1341 2778 ortus
1382 2740 1416 2778 a
1453 2721 1682 2794 natura,
1710 2740 1885 2796 quam
1907 2723 2003 2780 ·ab

423 2814 840 2886 imbecillitate,
894 2827 954 2873 et
1008 2815 1239 2891 gravior
1306 2825 1364 2873 et
1429 2817 1633 2876 verior.
1715 2817 1895 2891 Nam,
1951 2818 2003 2877 si

422 2907 640 2970 utilitas
689 2909 971 2967 amicitias
1011 2909 1458 2984 conglutinaret,
1498 2913 1703 2970 eadem
1745 2932 2009 2973 commu-

424 3014 544 3062 tata
581 3002 949 3064 dissolveret:
1013 3004 1135 3076 sed,
1189 3005 1327 3081 quia
1377 3017 1584 3066 natura
1623 3009 1837 3069 mutari
1884 3030 2007 3074 non
