<?xml version="1.0" encoding="UTF-8"?>
<!DOCTYPE html PUBLIC "-//W3C//DTD XHTML 1.0 Transitional//EN"
    "http://www.w3.org/TR/xhtml1/DTD/xhtml1-transitional.dtd">
<html xmlns="http://www.w3.org/1999/xhtml" xml:lang="en" lang="en">
 <head>
  <title>
</title>
<meta http-equiv="Content-Type" content="text/html;charset=utf-8" />
  <meta name='ocr-system' content='tesseract 3.04.00' />
  <meta name='ocr-capabilities' content='ocr_page ocr_carea ocr_par ocr_line ocrx_word'/>
</head>
<body>
  <div class='ocr_page' id='page_1' title='image "./mtcicerodesenec00unkngoog_0111.png"; bbox 0 0 2159 3400; ppageno 0'>
   <div class='ocr_carea' id='block_1_1' title="bbox 31 0 2129 31">
    <p class='ocr_par' dir='ltr' id='par_1_1' title="bbox 31 0 2129 31">
     <span class='ocr_line' id='line_1_1' title="bbox 31 0 2129 31; baseline 0 3369"><span class='ocrx_word' id='word_1_1' title='bbox 31 0 2129 31; x_wconf 95' lang='lat' dir='ltr'> </span> 
     </span>
    </p>
   </div>
   <div class='ocr_carea' id='block_1_2' title="bbox 508 276 1873 351">
    <p class='ocr_par' dir='ltr' id='par_1_2' title="bbox 508 276 1873 351">
     <span class='ocr_line' id='line_1_2' title="bbox 508 276 1873 351; baseline 0 -14"><span class='ocrx_word' id='word_1_2' title='bbox 508 290 788 351; x_wconf 64' lang='lat' dir='ltr'>mum,</span> <span class='ocrx_word' id='word_1_3' title='bbox 821 290 971 338; x_wconf 73' lang='lat' dir='ltr'>snm</span> <span class='ocrx_word' id='word_1_4' title='bbox 1009 290 1111 337; x_wconf 47' lang='lat' dir='ltr'>nn*</span> <span class='ocrx_word' id='word_1_5' title='bbox 1139 288 1454 339; x_wconf 60' lang='lat' dir='ltr'>merra.</span> <span class='ocrx_word' id='word_1_6' title='bbox 1758 276 1873 337; x_wconf 79' lang='lat'>105</span> 
     </span>
    </p>
   </div>
   <div class='ocr_carea' id='block_1_3' title="bbox 92 439 1867 3131">
    <p class='ocr_par' dir='ltr' id='par_1_3' title="bbox 92 439 1867 3131">
     <span class='ocr_line' id='line_1_3' title="bbox 166 439 1773 501; baseline -0.002 0"><span class='ocrx_word' id='word_1_7' title='bbox 166 462 338 501; x_wconf 84' lang='lat' dir='ltr'>emm</span> <span class='ocrx_word' id='word_1_8' title='bbox 368 440 592 500; x_wconf 87' lang='lat' dir='ltr'>dictum</span> <span class='ocrx_word' id='word_1_9' title='bbox 622 453 710 501; x_wconf 83' lang='lat' dir='ltr'>est</span> <span class='ocrx_word' id='word_1_10' title='bbox 739 443 811 500; x_wconf 80' lang='lat' dir='ltr'>ab</span> <span class='ocrx_word' id='word_1_11' title='bbox 836 443 1121 501; x_wconf 79' lang='lat' dir='ltr'>amando:</span> <span class='ocrx_word' id='word_1_12' title='bbox 1168 460 1360 500; x_wconf 84' lang='lat' dir='ltr'>amare</span> <span class='ocrx_word' id='word_1_13' title='bbox 1389 450 1580 498; x_wconf 88' lang='lat' dir='ltr'>autem</span> <span class='ocrx_word' id='word_1_14' title='bbox 1627 439 1773 498; x_wconf 84' lang='lat' dir='ltr'>nihil</span> 
     </span>
     <span class='ocr_line' id='line_1_4' title="bbox 170 531 1772 617; baseline -0.002 -19"><span class='ocrx_word' id='word_1_15' title='bbox 170 531 336 598; x_wconf 63' lang='lat' dir='ltr'>aliud</span> <span class='ocrx_word' id='word_1_16' title='bbox 389 549 499 612; x_wconf 82' lang='lat' dir='ltr'>est,</span> <span class='ocrx_word' id='word_1_17' title='bbox 528 540 642 597; x_wconf 84' lang='lat' dir='ltr'>nisi</span> <span class='ocrx_word' id='word_1_18' title='bbox 688 558 820 598; x_wconf 85' lang='lat' dir='ltr'>eum</span> <span class='ocrx_word' id='word_1_19' title='bbox 867 536 1053 616; x_wconf 78' lang='lat' dir='ltr'>ipsum</span> <span class='ocrx_word' id='word_1_20' title='bbox 1081 539 1346 617; x_wconf 86' lang='lat' dir='ltr'>diligere,</span> <span class='ocrx_word' id='word_1_21' title='bbox 1376 556 1547 614; x_wconf 90' lang='lat' dir='ltr'>quem</span> <span class='ocrx_word' id='word_1_22' title='bbox 1596 556 1772 609; x_wconf 85' lang='lat' dir='ltr'>ames,</span> 
     </span>
     <span class='ocr_line' id='line_1_5' title="bbox 170 636 1774 714; baseline -0.001 -19"><span class='ocrx_word' id='word_1_23' title='bbox 170 637 342 695; x_wconf 63' lang='lat' dir='ltr'>nullst</span> <span class='ocrx_word' id='word_1_24' title='bbox 410 637 753 714; x_wconf 62' lang='lat' dir='ltr'>indigentia,</span> <span class='ocrx_word' id='word_1_25' title='bbox 805 637 965 695; x_wconf 57' lang='lat' dir='ltr'>nulla</span> <span class='ocrx_word' id='word_1_26' title='bbox 1019 636 1268 695; x_wconf 72' lang='lat' dir='ltr'>utilitate</span> <span class='ocrx_word' id='word_1_27' title='bbox 1311 636 1552 712; x_wconf 62' lang='lat' dir='ltr'>quaesita</span> <span class='ocrx_word' id='word_1_28' title='bbox 1569 655 1586 707; x_wconf 89' lang='lat'>;</span> <span class='ocrx_word' id='word_1_29' title='bbox 1648 654 1774 712; x_wconf 75' lang='lat' dir='ltr'>quae</span> 
     </span>
     <span class='ocr_line' id='line_1_6' title="bbox 171 733 1774 810; baseline -0.001 -18"><span class='ocrx_word' id='word_1_30' title='bbox 171 745 377 793; x_wconf 86' lang='lat' dir='ltr'>tamen</span> <span class='ocrx_word' id='word_1_31' title='bbox 423 735 547 810; x_wconf 89' lang='lat' dir='ltr'>ipsa</span> <span class='ocrx_word' id='word_1_32' title='bbox 589 734 896 792; x_wconf 88' lang='lat' dir='ltr'>efflorescit</span> <span class='ocrx_word' id='word_1_33' title='bbox 937 753 1010 791; x_wconf 86' lang='lat' dir='ltr'>ex</span> <span class='ocrx_word' id='word_1_34' title='bbox 1068 734 1343 807; x_wconf 69' lang='lat' dir='ltr'>amicitia,</span> <span class='ocrx_word' id='word_1_35' title='bbox 1393 733 1568 792; x_wconf 85' lang='lat' dir='ltr'>etiam</span> <span class='ocrx_word' id='word_1_36' title='bbox 1615 733 1665 792; x_wconf 89' lang='lat' dir='ltr'>si</span> <span class='ocrx_word' id='word_1_37' title='bbox 1709 744 1774 791; x_wconf 88' lang='lat' dir='ltr'>tu</span> 
     </span>
     <span class='ocr_line' id='line_1_7' title="bbox 173 831 1839 903; baseline 0.002 -15"><span class='ocrx_word' id='word_1_38' title='bbox 173 850 308 889; x_wconf 84' lang='lat' dir='ltr'>eam</span> <span class='ocrx_word' id='word_1_39' title='bbox 340 831 534 889; x_wconf 87' lang='lat' dir='ltr'>minus</span> <span class='ocrx_word' id='word_1_40' title='bbox 561 840 796 903; x_wconf 74' lang='lat' dir='ltr'>secutus</span> <span class='ocrx_word' id='word_1_41' title='bbox 823 831 918 889; x_wconf 90' lang='lat' dir='ltr'>sis.</span> <span class='ocrx_word' id='word_1_42' title='bbox 1804 832 1839 883; x_wconf 80' lang='grc'><strong><em>5</em></strong></span> 
     </span>
     <span class='ocr_line' id='line_1_8' title="bbox 257 927 1772 1002; baseline 0.001 -17"><span class='ocrx_word' id='word_1_43' title='bbox 257 927 398 985; x_wconf 90' lang='lat' dir='ltr'>Hac</span> <span class='ocrx_word' id='word_1_44' title='bbox 426 947 534 985; x_wconf 87' lang='lat' dir='ltr'>nos</span> <span class='ocrx_word' id='word_1_45' title='bbox 563 928 957 992; x_wconf 81' lang='lat' dir='ltr'>adolescentes</span> <span class='ocrx_word' id='word_1_46' title='bbox 996 927 1400 987; x_wconf 68' lang='lat' dir='ltr'>benevolentia</span> <span class='ocrx_word' id='word_1_47' title='bbox 1427 947 1595 986; x_wconf 85' lang='lat' dir='ltr'>senes</span> <span class='ocrx_word' id='word_1_48' title='bbox 1622 928 1772 1002; x_wconf 84' lang='lat' dir='ltr'>illos,</span> 
     </span>
     <span class='ocr_line' id='line_1_9' title="bbox 176 1016 1774 1097; baseline 0.001 -15"><span class='ocrx_word' id='word_1_49' title='bbox 176 1025 245 1083; x_wconf 84' lang='lat'>1..</span> <span class='ocrx_word' id='word_1_50' title='bbox 298 1025 567 1097; x_wconf 85' lang='lat' dir='ltr'>Paulum,</span> <span class='ocrx_word' id='word_1_51' title='bbox 612 1025 696 1083; x_wconf 89' lang='lat' dir='ltr'>M.</span> <span class='ocrx_word' id='word_1_52' title='bbox 741 1016 1049 1097; x_wconf 66' lang='lat' dir='ltr'>Catonem,</span> <span class='ocrx_word' id='word_1_53' title='bbox 1093 1025 1164 1083; x_wconf 87' lang='lat' dir='ltr'>C.</span> <span class='ocrx_word' id='word_1_54' title='bbox 1193 1026 1445 1097; x_wconf 82' lang='lat' dir='ltr'>Gallum,</span> <span class='ocrx_word' id='word_1_55' title='bbox 1492 1024 1556 1084; x_wconf 88' lang='lat' dir='ltr'>P.</span> <span class='ocrx_word' id='word_1_56' title='bbox 1601 1025 1774 1084; x_wconf 82' lang='lat' dir='ltr'>Nasi—</span> 
     </span>
     <span class='ocr_line' id='line_1_10' title="bbox 177 1122 1771 1200; baseline -0.001 -20"><span class='ocrx_word' id='word_1_57' title='bbox 177 1142 333 1194; x_wconf 88' lang='lat' dir='ltr'>cam,</span> <span class='ocrx_word' id='word_1_58' title='bbox 373 1122 471 1180; x_wconf 88' lang='lat' dir='ltr'>Ti.</span> <span class='ocrx_word' id='word_1_59' title='bbox 517 1122 872 1196; x_wconf 70' lang='lat' dir='ltr'>Gracchum,</span> <span class='ocrx_word' id='word_1_60' title='bbox 919 1122 1216 1200; x_wconf 74' lang='lat' dir='ltr'>Scipionis</span> <span class='ocrx_word' id='word_1_61' title='bbox 1262 1122 1444 1180; x_wconf 79' lang='lat' dir='ltr'>nostri·</span> <span class='ocrx_word' id='word_1_62' title='bbox 1484 1140 1771 1196; x_wconf 87' lang='lat' dir='ltr'>socerum,</span> 
     </span>
     <span class='ocr_line' id='line_1_11' title="bbox 177 1218 1775 1296; baseline 0 -20"><span class='ocrx_word' id='word_1_63' title='bbox 177 1219 504 1279; x_wconf 79' lang='lat' dir='ltr'>dileximus,</span> <span class='ocrx_word' id='word_1_64' title='bbox 588 1219 736 1277; x_wconf 85' lang='lat' dir='ltr'>Haec</span> <span class='ocrx_word' id='word_1_65' title='bbox 769 1219 1157 1296; x_wconf 79' lang='lat' dir='ltr'>etiam··magis</span> <span class='ocrx_word' id='word_1_66' title='bbox 1184 1218 1376 1276; x_wconf 87' lang='lat' dir='ltr'>elucet</span> <span class='ocrx_word' id='word_1_67' title='bbox 1404 1218 1552 1275; x_wconf 87' lang='lat' dir='ltr'>inter</span> <span class='ocrx_word' id='word_1_68' title='bbox 1590 1238 1775 1295; x_wconf 80' lang='lat' dir='ltr'>aequa-</span> 
     </span>
     <span class='ocr_line' id='line_1_12' title="bbox 178 1313 1867 1393; baseline 0.001 -21"><span class='ocrx_word' id='word_1_69' title='bbox 178 1315 286 1388; x_wconf 83' lang='lat' dir='ltr'>les,</span> <span class='ocrx_word' id='word_1_70' title='bbox 308 1325 375 1373; x_wconf 85' lang='lat' dir='ltr'>ut</span> <span class='ocrx_word' id='word_1_71' title='bbox 401 1316 552 1373; x_wconf 84' lang='lat' dir='ltr'>inter</span> <span class='ocrx_word' id='word_1_72' title='bbox 580 1332 673 1373; x_wconf 81' lang='lat' dir='ltr'>me</span> <span class='ocrx_word' id='word_1_73' title='bbox 704 1327 762 1374; x_wconf 86' lang='lat' dir='ltr'>et</span> <span class='ocrx_word' id='word_1_74' title='bbox 791 1316 1149 1393; x_wconf 77' lang='lat' dir='ltr'>Scipionem,</span> <span class='ocrx_word' id='word_1_75' title='bbox 1179 1314 1245 1373; x_wconf 93' lang='lat' dir='ltr'>L.</span> <span class='ocrx_word' id='word_1_76' title='bbox 1275 1314 1536 1387; x_wconf 87' lang='lat' dir='ltr'>Furium,</span> <span class='ocrx_word' id='word_1_77' title='bbox 1559 1313 1623 1374; x_wconf 94' lang='lat' dir='ltr'>P.</span> <span class='ocrx_word' id='word_1_78' title='bbox 1648 1314 1774 1373; x_wconf 86' lang='lat' dir='ltr'>Ru·</span> <span class='ocrx_word' id='word_1_79' title='bbox 1804 1317 1867 1366; x_wconf 82' lang='grc'>10</span> 
     </span>
     <span class='ocr_line' id='line_1_13' title="bbox 177 1411 1774 1488; baseline 0.001 -20"><span class='ocrx_word' id='word_1_80' title='bbox 177 1412 405 1488; x_wconf 83' lang='lat' dir='ltr'>pilium,</span> <span class='ocrx_word' id='word_1_81' title='bbox 457 1413 555 1488; x_wconf 90' lang='lat' dir='ltr'>Sp.</span> <span class='ocrx_word' id='word_1_82' title='bbox 598 1412 966 1471; x_wconf 83' lang='lat' dir='ltr'>Mummium.</span> <span class='ocrx_word' id='word_1_83' title='bbox 1050 1411 1328 1470; x_wconf 78' lang='lat' dir='ltr'>Vicissim</span> <span class='ocrx_word' id='word_1_84' title='bbox 1371 1421 1562 1470; x_wconf 84' lang='lat' dir='ltr'>autem</span> <span class='ocrx_word' id='word_1_85' title='bbox 1604 1431 1774 1470; x_wconf 87' lang='lat' dir='ltr'>senes</span> 
     </span>
     <span class='ocr_line' id='line_1_14' title="bbox 180 1507 1772 1583; baseline 0.001 -18"><span class='ocrx_word' id='word_1_86' title='bbox 180 1508 243 1566; x_wconf 87' lang='lat' dir='ltr'>in</span> <span class='ocrx_word' id='word_1_87' title='bbox 286 1508 741 1566; x_wconf 83' lang='lat' dir='ltr'>adolescentium</span> <span class='ocrx_word' id='word_1_88' title='bbox 776 1509 1025 1567; x_wconf 55' lang='lat' dir='ltr'>¹&amp;imitate</span> <span class='ocrx_word' id='word_1_89' title='bbox 1081 1507 1504 1583; x_wconf 79' lang='lat' dir='ltr'>acquiescimus</span> <span class='ocrx_word' id='word_1_90' title='bbox 1521 1529 1535 1580; x_wconf 92' lang='lat'>;</span> <span class='ocrx_word' id='word_1_91' title='bbox 1595 1520 1658 1567; x_wconf 88' lang='lat' dir='ltr'>ut</span> <span class='ocrx_word' id='word_1_92' title='bbox 1711 1509 1772 1567; x_wconf 89' lang='lat' dir='ltr'>in</span> 
     </span>
     <span class='ocr_line' id='line_1_15' title="bbox 180 1605 1775 1681; baseline 0.002 -20"><span class='ocrx_word' id='word_1_93' title='bbox 180 1606 393 1677; x_wconf 65' lang='lat' dir='ltr'>vestra,</span> <span class='ocrx_word' id='word_1_94' title='bbox 423 1606 573 1663; x_wconf 87' lang='lat' dir='ltr'>utin</span> <span class='ocrx_word' id='word_1_95' title='bbox 605 1605 685 1667; x_wconf 80' lang='lat' dir='ltr'>Q.</span> <span class='ocrx_word' id='word_1_96' title='bbox 729 1605 1106 1664; x_wconf 83' lang='lat' dir='ltr'>Tuberonis:</span> <span class='ocrx_word' id='word_1_97' title='bbox 1150 1606 1417 1681; x_wconf 88' lang='lat' dir='ltr'>equidem</span> <span class='ocrx_word' id='word_1_98' title='bbox 1460 1606 1633 1664; x_wconf 84' lang='lat' dir='ltr'>etiam</span> <span class='ocrx_word' id='word_1_99' title='bbox 1679 1606 1775 1664; x_wconf 89' lang='lat' dir='ltr'>ad-</span> 
     </span>
     <span class='ocr_line' id='line_1_16' title="bbox 180 1702 1770 1783; baseline 0.001 -23"><span class='ocrx_word' id='word_1_100' title='bbox 180 1702 420 1761; x_wconf 86' lang='lat' dir='ltr'>modum</span> <span class='ocrx_word' id='word_1_101' title='bbox 494 1703 896 1775; x_wconf 81' lang='lat' dir='ltr'>adolescentis,</span> <span class='ocrx_word' id='word_1_102' title='bbox 951 1702 1016 1761; x_wconf 94' lang='lat' dir='ltr'>P.</span> <span class='ocrx_word' id='word_1_103' title='bbox 1073 1703 1309 1777; x_wconf 85' lang='lat' dir='ltr'>Rutilii,</span> <span class='ocrx_word' id='word_1_104' title='bbox 1365 1704 1440 1763; x_wconf 82' lang='lat' dir='ltr'>A.</span> <span class='ocrx_word' id='word_1_105' title='bbox 1497 1704 1770 1783; x_wconf 86' lang='lat' dir='ltr'>Virginii,</span> 
     </span>
     <span class='ocr_line' id='line_1_17' title="bbox 183 1798 1865 1877; baseline -0.001 -20"><span class='ocrx_word' id='word_1_106' title='bbox 183 1798 571 1858; x_wconf 84' lang='lat' dir='ltr'>familiaritate</span> <span class='ocrx_word' id='word_1_107' title='bbox 636 1799 909 1859; x_wconf 87' lang='lat' dir='ltr'>delector.</span> <span class='ocrx_word' id='word_1_108' title='bbox 1016 1800 1434 1877; x_wconf 76' lang='lat' dir='ltr'>Quoniamque</span> <span class='ocrx_word' id='word_1_109' title='bbox 1488 1801 1572 1860; x_wconf 88' lang='lat' dir='ltr'>ita</span> <span class='ocrx_word' id='word_1_110' title='bbox 1623 1802 1772 1860; x_wconf 87' lang='lat' dir='ltr'>ratio</span> <span class='ocrx_word' id='word_1_111' title='bbox 1802 1805 1865 1856; x_wconf 84' lang='lat'>15</span> 
     </span>
     <span class='ocr_line' id='line_1_18' title="bbox 183 1896 1770 1974; baseline 0.001 -20"><span class='ocrx_word' id='word_1_112' title='bbox 183 1907 519 1973; x_wconf 76' lang='lat' dir='ltr'>comparata</span> <span class='ocrx_word' id='word_1_113' title='bbox 537 1906 624 1955; x_wconf 87' lang='lat' dir='ltr'>est</span> <span class='ocrx_word' id='word_1_114' title='bbox 644 1896 772 1955; x_wconf 64' lang='lat' dir='ltr'>vitae</span> <span class='ocrx_word' id='word_1_115' title='bbox 792 1904 1124 1974; x_wconf 80' lang='lat' dir='ltr'>naturaeque</span> <span class='ocrx_word' id='word_1_116' title='bbox 1150 1909 1382 1970; x_wconf 64' lang='lat' dir='ltr'>nostrae,</span> <span class='ocrx_word' id='word_1_117' title='bbox 1409 1908 1470 1956; x_wconf 88' lang='lat' dir='ltr'>ut</span> <span class='ocrx_word' id='word_1_118' title='bbox 1494 1898 1607 1956; x_wconf 86' lang='lat' dir='ltr'>alia</span> <span class='ocrx_word' id='word_1_119' title='bbox 1632 1908 1770 1956; x_wconf 76' lang='lat' dir='ltr'>aetas</span> 
     </span>
     <span class='ocr_line' id='line_1_19' title="bbox 182 1981 1767 2069; baseline 0.001 -19"><span class='ocrx_word' id='word_1_120' title='bbox 182 1981 434 2064; x_wconf 81' lang='lat' dir='ltr'>oriatur3</span> <span class='ocrx_word' id='word_1_121' title='bbox 478 1993 725 2051; x_wconf 81' lang='lat' dir='ltr'>maxime</span> <span class='ocrx_word' id='word_1_122' title='bbox 768 1993 1001 2069; x_wconf 85' lang='lat' dir='ltr'>quidem</span> <span class='ocrx_word' id='word_1_123' title='bbox 1047 1994 1363 2069; x_wconf 88' lang='lat' dir='ltr'>optandum</span> <span class='ocrx_word' id='word_1_124' title='bbox 1392 2003 1498 2065; x_wconf 86' lang='lat' dir='ltr'>est,</span> <span class='ocrx_word' id='word_1_125' title='bbox 1528 2003 1591 2051; x_wconf 90' lang='lat' dir='ltr'>ut</span> <span class='ocrx_word' id='word_1_126' title='bbox 1632 2012 1767 2051; x_wconf 90' lang='lat' dir='ltr'>cum</span> 
     </span>
     <span class='ocr_line' id='line_1_20' title="bbox 182 2090 1772 2167; baseline -0.001 -19"><span class='ocrx_word' id='word_1_127' title='bbox 182 2090 498 2165; x_wconf 66' lang='lat' dir='ltr'>aequalibus</span> <span class='ocrx_word' id='word_1_128' title='bbox 533 2090 740 2167; x_wconf 85' lang='lat' dir='ltr'>possis,</span> <span class='ocrx_word' id='word_1_129' title='bbox 769 2090 1113 2166; x_wconf 86' lang='lat' dir='ltr'>quibuscum</span> <span class='ocrx_word' id='word_1_130' title='bbox 1143 2099 1414 2165; x_wconf 84' lang='lat' dir='ltr'>tanquam</span> <span class='ocrx_word' id='word_1_131' title='bbox 1455 2108 1489 2147; x_wconf 89' lang='lat' dir='ltr'>e</span> <span class='ocrx_word' id='word_1_132' title='bbox 1526 2090 1772 2148; x_wconf 89' lang='lat' dir='ltr'>carceri-</span> 
     </span>
     <span class='ocr_line' id='line_1_21' title="bbox 181 2185 1768 2264; baseline 0.001 -20"><span class='ocrx_word' id='word_1_133' title='bbox 181 2187 290 2244; x_wconf 85' lang='lat' dir='ltr'>bus</span> <span class='ocrx_word' id='word_1_134' title='bbox 342 2187 589 2260; x_wconf 82' lang='lat' dir='ltr'>emissus</span> <span class='ocrx_word' id='word_1_135' title='bbox 641 2186 739 2259; x_wconf 89' lang='lat' dir='ltr'>sis,</span> <span class='ocrx_word' id='word_1_136' title='bbox 800 2205 932 2245; x_wconf 86' lang='lat' dir='ltr'>cum</span> <span class='ocrx_word' id='word_1_137' title='bbox 988 2185 1195 2244; x_wconf 85' lang='lat' dir='ltr'>iisdem</span> <span class='ocrx_word' id='word_1_138' title='bbox 1251 2186 1323 2244; x_wconf 89' lang='lat' dir='ltr'>ad</span> <span class='ocrx_word' id='word_1_139' title='bbox 1391 2186 1615 2244; x_wconf 81' lang='lat' dir='ltr'>calcem</span> <span class='ocrx_word' id='word_1_140' title='bbox 1677 2185 1768 2264; x_wconf 86' lang='lat' dir='ltr'>(ut</span> 
     </span>
     <span class='ocr_line' id='line_1_22' title="bbox 181 2277 1864 2363; baseline 0.002 -23"><span class='ocrx_word' id='word_1_141' title='bbox 181 2282 422 2363; x_wconf 87' lang='lat' dir='ltr'>dicitur)</span> <span class='ocrx_word' id='word_1_142' title='bbox 471 2283 786 2359; x_wconf 85' lang='lat' dir='ltr'>pervenire.</span> <span class='ocrx_word' id='word_1_143' title='bbox 870 2277 1013 2355; x_wconf 82' lang='lat' dir='ltr'>Sed,</span> <span class='ocrx_word' id='word_1_144' title='bbox 1044 2282 1321 2359; x_wconf 81' lang='lat' dir='ltr'>quoniam</span> <span class='ocrx_word' id='word_1_145' title='bbox 1361 2302 1454 2341; x_wconf 89' lang='lat' dir='ltr'>res</span> <span class='ocrx_word' id='word_1_146' title='bbox 1503 2283 1766 2343; x_wconf 82' lang='lat' dir='ltr'>humanae</span> <span class='ocrx_word' id='word_1_147' title='bbox 1797 2296 1864 2348; x_wconf 71' lang='lat'>20</span> 
     </span>
     <span class='ocr_line' id='line_1_23' title="bbox 181 2379 1768 2458; baseline 0.002 -21"><span class='ocrx_word' id='word_1_148' title='bbox 181 2379 416 2457; x_wconf 84' lang='lat' dir='ltr'>fragiles</span> <span class='ocrx_word' id='word_1_149' title='bbox 463 2380 814 2454; x_wconf 82' lang='lat' dir='ltr'>caducaeque</span> <span class='ocrx_word' id='word_1_150' title='bbox 867 2389 1020 2451; x_wconf 84' lang='lat' dir='ltr'>sunt,</span> <span class='ocrx_word' id='word_1_151' title='bbox 1075 2397 1299 2455; x_wconf 87' lang='lat' dir='ltr'>semper</span> <span class='ocrx_word' id='word_1_152' title='bbox 1355 2379 1529 2455; x_wconf 86' lang='lat' dir='ltr'>aliqui</span> <span class='ocrx_word' id='word_1_153' title='bbox 1572 2382 1768 2458; x_wconf 85' lang='lat' dir='ltr'>anqui-</span> 
     </span>
     <span class='ocr_line' id='line_1_24' title="bbox 92 2475 1763 2556; baseline 0.001 -20"><span class='ocrx_word' id='word_1_154' title='bbox 92 2529 101 2536; x_wconf 92' lang='lat'><strong>.</strong></span> <span class='ocrx_word' id='word_1_155' title='bbox 179 2475 346 2533; x_wconf 90' lang='lat' dir='ltr'>rendi</span> <span class='ocrx_word' id='word_1_156' title='bbox 373 2486 526 2549; x_wconf 88' lang='lat' dir='ltr'>sunt,</span> <span class='ocrx_word' id='word_1_157' title='bbox 558 2495 698 2553; x_wconf 87' lang='lat' dir='ltr'>quos</span> <span class='ocrx_word' id='word_1_158' title='bbox 717 2476 1044 2554; x_wconf 76' lang='lat' dir='ltr'>diligamuS‚</span> <span class='ocrx_word' id='word_1_159' title='bbox 1067 2487 1125 2532; x_wconf 88' lang='lat' dir='ltr'>et</span> <span class='ocrx_word' id='word_1_160' title='bbox 1148 2495 1181 2533; x_wconf 88' lang='lat' dir='ltr'>a</span> <span class='ocrx_word' id='word_1_161' title='bbox 1204 2476 1412 2552; x_wconf 86' lang='lat' dir='ltr'>quibus</span> <span class='ocrx_word' id='word_1_162' title='bbox 1440 2476 1763 2556; x_wconf 88' lang='lat' dir='ltr'>diligamur.</span> 
     </span>
     <span class='ocr_line' id='line_1_25' title="bbox 179 2571 1766 2647; baseline 0.002 -17"><span class='ocrx_word' id='word_1_163' title='bbox 179 2571 439 2630; x_wconf 78' lang='lat' dir='ltr'>Caritate</span> <span class='ocrx_word' id='word_1_164' title='bbox 466 2571 620 2630; x_wconf 87' lang='lat' dir='ltr'>enim</span> <span class='ocrx_word' id='word_1_165' title='bbox 649 2571 1164 2647; x_wconf 61' lang='lat' dir='ltr'>benevolentiaque</span> <span class='ocrx_word' id='word_1_166' title='bbox 1189 2572 1433 2645; x_wconf 67' lang='lat' dir='ltr'>sublata,</span> <span class='ocrx_word' id='word_1_167' title='bbox 1464 2575 1652 2632; x_wconf 84' lang='lat' dir='ltr'>omnis</span> <span class='ocrx_word' id='word_1_168' title='bbox 1678 2586 1766 2633; x_wconf 90' lang='lat' dir='ltr'>est</span> 
     </span>
     <span class='ocr_line' id='line_1_26' title="bbox 179 2666 1761 2747; baseline 0.003 -23"><span class='ocrx_word' id='word_1_169' title='bbox 179 2686 212 2724; x_wconf 89' lang='lat' dir='ltr'>e</span> <span class='ocrx_word' id='word_1_170' title='bbox 238 2668 356 2725; x_wconf 62' lang='lat' dir='ltr'>vita</span> <span class='ocrx_word' id='word_1_171' title='bbox 384 2668 610 2726; x_wconf 87' lang='lat' dir='ltr'>sublata</span> <span class='ocrx_word' id='word_1_172' title='bbox 635 2668 983 2745; x_wconf 83' lang='lat' dir='ltr'>jucunditas.</span> <span class='ocrx_word' id='word_1_173' title='bbox 1066 2666 1220 2725; x_wconf 88' lang='lat' dir='ltr'>Mihi</span> <span class='ocrx_word' id='word_1_174' title='bbox 1262 2669 1492 2745; x_wconf 88' lang='lat' dir='ltr'>quidem</span> <span class='ocrx_word' id='word_1_175' title='bbox 1542 2670 1761 2747; x_wconf 89' lang='lat' dir='ltr'>Scipio,</span> 
     </span>
     <span class='ocr_line' id='line_1_27' title="bbox 178 2764 1858 2841; baseline -0.002 -19"><span class='ocrx_word' id='word_1_176' title='bbox 178 2784 505 2840; x_wconf 83' lang='lat' dir='ltr'>quanquam</span> <span class='ocrx_word' id='word_1_177' title='bbox 545 2775 633 2823; x_wconf 88' lang='lat' dir='ltr'>est</span> <span class='ocrx_word' id='word_1_178' title='bbox 675 2765 867 2822; x_wconf 68' lang='lat' dir='ltr'>subito</span> <span class='ocrx_word' id='word_1_179' title='bbox 894 2776 1146 2841; x_wconf 83' lang='lat' dir='ltr'>ereptus,</span> <span class='ocrx_word' id='word_1_180' title='bbox 1176 2764 1314 2824; x_wconf 85' lang='lat' dir='ltr'>vivit</span> <span class='ocrx_word' id='word_1_181' title='bbox 1360 2776 1574 2839; x_wconf 89' lang='lat' dir='ltr'>tamen,</span> <span class='ocrx_word' id='word_1_182' title='bbox 1619 2786 1763 2824; x_wconf 86' lang='lat' dir='ltr'>sem·</span> <span class='ocrx_word' id='word_1_183' title='bbox 1793 2770 1858 2819; x_wconf 71' lang='lat'>25</span> 
     </span>
     <span class='ocr_line' id='line_1_28' title="bbox 178 2861 1758 2938; baseline 0 -19"><span class='ocrx_word' id='word_1_184' title='bbox 178 2877 393 2938; x_wconf 86' lang='lat' dir='ltr'>perque</span> <span class='ocrx_word' id='word_1_185' title='bbox 445 2861 634 2919; x_wconf 78' lang='lat' dir='ltr'>vivet:</span> <span class='ocrx_word' id='word_1_186' title='bbox 678 2861 945 2919; x_wconf 84' lang='lat' dir='ltr'>virtutem</span> <span class='ocrx_word' id='word_1_187' title='bbox 993 2862 1149 2919; x_wconf 89' lang='lat' dir='ltr'>enim</span> <span class='ocrx_word' id='word_1_188' title='bbox 1199 2862 1382 2921; x_wconf 86' lang='lat' dir='ltr'>amavi</span> <span class='ocrx_word' id='word_1_189' title='bbox 1436 2861 1591 2919; x_wconf 85' lang='lat' dir='ltr'>illius</span> <span class='ocrx_word' id='word_1_190' title='bbox 1632 2861 1758 2934; x_wconf 86' lang='lat' dir='ltr'>viri,</span> 
     </span>
     <span class='ocr_line' id='line_1_29' title="bbox 179 2955 1761 3033; baseline -0.002 -17"><span class='ocrx_word' id='word_1_191' title='bbox 179 2977 302 3033; x_wconf 86' lang='lat' dir='ltr'>quae</span> <span class='ocrx_word' id='word_1_192' title='bbox 336 2957 625 3015; x_wconf 82' lang='lat' dir='ltr'>exstincta</span> <span class='ocrx_word' id='word_1_193' title='bbox 663 2976 781 3015; x_wconf 89' lang='lat' dir='ltr'>non</span> <span class='ocrx_word' id='word_1_194' title='bbox 809 2966 913 3014; x_wconf 85' lang='lat' dir='ltr'>est.</span> <span class='ocrx_word' id='word_1_195' title='bbox 999 2955 1133 3014; x_wconf 92' lang='lat' dir='ltr'>Nec</span> <span class='ocrx_word' id='word_1_196' title='bbox 1160 2957 1302 3015; x_wconf 89' lang='lat' dir='ltr'>mihi</span> <span class='ocrx_word' id='word_1_197' title='bbox 1349 2956 1458 3013; x_wconf 89' lang='lat' dir='ltr'>soli</span> <span class='ocrx_word' id='word_1_198' title='bbox 1506 2966 1761 3013; x_wconf 83' lang='lat' dir='ltr'>versatur</span> 
     </span>
     <span class='ocr_line' id='line_1_30' title="bbox 182 3049 1755 3131; baseline -0.004 -17"><span class='ocrx_word' id='word_1_199' title='bbox 182 3066 312 3114; x_wconf 85' lang='lat' dir='ltr'>ante</span> <span class='ocrx_word' id='word_1_200' title='bbox 338 3054 562 3126; x_wconf 58' lang='lat' dir='ltr'>oculos»,</span> <span class='ocrx_word' id='word_1_201' title='bbox 591 3052 690 3131; x_wconf 93' lang='lat' dir='ltr'>qui</span> <span class='ocrx_word' id='word_1_202' title='bbox 721 3052 874 3110; x_wconf 86' lang='lat' dir='ltr'>illam</span> <span class='ocrx_word' id='word_1_203' title='bbox 898 3069 1123 3127; x_wconf 86' lang='lat' dir='ltr'>semper</span> <span class='ocrx_word' id='word_1_204' title='bbox 1151 3051 1211 3108; x_wconf 88' lang='lat' dir='ltr'>in</span> <span class='ocrx_word' id='word_1_205' title='bbox 1251 3050 1517 3107; x_wconf 87' lang='lat' dir='ltr'>manibus</span> <span class='ocrx_word' id='word_1_206' title='bbox 1545 3049 1717 3107; x_wconf 91' lang='lat' dir='ltr'>habui</span> <span class='ocrx_word' id='word_1_207' title='bbox 1738 3069 1755 3121; x_wconf 83' lang='lat'>3</span> 
     </span>
    </p>
   </div>
  </div>
 </body>
</html>
