2159 3400
695 203 783 250 ns
824 201 1225 250 sensorum.
1771 190 1849 251 33

166 353 393 431 ger-atio
447 361 663 424 testate,
718 354 779 409 et
827 350 1081 409 vicissim
1138 359 1235 409 aut
1286 348 1372 417 sol
1429 358 1525 408 aut
1592 347 1745 426 ignis

167 449 482 507 hibernus:
518 466 651 523 -quae
673 447 905 523 quidem
929 446 990 504 in
1020 446 1254 505 Sabinis
1280 445 1744 521 etiam‹persequi

168 542 1148 621 soleo,‘conviviumque'vicinorum
1170 541 1426 619 quotidie
1443 542 1707 618 compleo
1724 562 1740 613 ς

169 640 326 716 quod
374 639 449 698 ad
487 639 727 709 multam
768 627 1022 710 noctem,
1050 655 1220 714 quam
1257 637 1504 698 maxime
1544 655 1743 713 possu-

170 755 320 809 muS,
350 736 508 794 vario
535 752 799 792 sermone
823 733 1214 809 producimus.
1770 751 1802 800 5

204 880 207 883 2
247 833 335 890 At
374 850 492 890 non
521 840 611 888 est
634 830 987 906 voluptatum
1026 839 1188 888 tanta
1214 829 1375 905 qnasi
1401 829 1654 888 titillatio
1680 829 1742 889 in

170 929 429 989 senibus.
508 925 734 1015 Credo:
801 925 903 984 sed
955 930 1030 1019 πρ
1085 926 1427 991 desideratio
1492 926 1739 1002 quidem.

172 1023 338 1082 Nihil
396 1031 586 1082 autem
650 1022 974 1094 molestum,
1030 1022 1182 1098 quod
1247 1040 1367 1080 non
1403 1094 1422 1109 ὁ
1423 1022 1737 1095 desideres.

172 1120 335 1179 Bene
377 1118 716 1196 SophocleS,
745 1137 877 1176 cum
918 1137 991 1175 ex
1016 1137 1087 1176 eo
1112 1117 1362 1194 quidam,
1386 1118 1505 1194 jam
1536 1118 1740 1175 affecto

173 1225 362 1289 aetate,
429 1224 727 1292 quaereret,
805 1223 1134 1273 utereturne
1207 1214 1378 1272 rebus
1442 1213 1739 1273 venereis?
1769 1219 1831 1269 10

175 1319 213 1346 “
233 1311 339 1391 Dii
375 1311 694 1375 melioral”
751 1310 967 1386 inquit:
1030 1309 1330 1368 “libenter
1369 1329 1506 1369 vero
1546 1309 1739 1383 istinc,

173 1418 465 1484 tamquam
506 1427 541 1466 a
565 1406 799 1465 domino
841 1406 1048 1485 agresti
1078 1425 1148 1464 ac
1188 1406 1420 1479 furioso,
1447 1407 1736 1485 proffigi.”

172 1502 420 1580 Cupidis
440 1501 594 1560 enim
620 1519 812 1560 rerum
837 1501 1038 1559 talium
1064 1501 1324 1561 odiosum
1353 1512 1411 1561 et
1437 1503 1740 1561 molestum

174 1608 264 1656 est
303 1598 541 1687 fortasse
582 1616 810 1656 carere:
852 1597 1073 1661 satiatis
1112 1616 1246 1656 vero
1285 1606 1345 1656 et
1361 1599 1621 1675 expletis
1654 1599 1742 1676 ju-

175 1692 425 1752 cundius
464 1703 551 1751 est
590 1712 804 1766 carere,
847 1712 1016 1768 quam
1057 1691 1201 1752 frui:
1262 1713 1597 1772 quanquam,
1622 1714 1740 1753 non
1769 1699 1832 1749 15

177 1799 339 1850 caret
363 1790 432 1862 is,
461 1790 558 1866 qui
585 1807 703 1847 non
730 1789 1031 1855 desiderat.
1072 1781 1073 1784 '
1116 1788 1272 1868 Ergo
1310 1790 1421 1849 hoc
1447 1810 1566 1849 non
1594 1791 1742 1849 desi-

177 1886 399 1959 derare,
426 1885 560 1943 dico
586 1904 713 1943 esse
752 1884 1085 1962 jucundiu5‚
1115 1904 1284 1961 quam
1313 1886 1441 1945 frui.

252 1981 435 2046 Quod
495 1982 544 2040 si
597 1981 721 2040 istis
772 1980 910 2057 ipsis
963 1981 1347 2057 voluptatibus
1400 1983 1553 2041 bona
1605 1992 1742 2041 aetas

179 2078 383 2137 fruitur
410 2078 712 2148 libentius3
752 2076 1001 2153 primum
1038 2077 1289 2154 parvulis
1315 2077 1519 2137 fruitur
1546 2079 1737 2152 rebuS,

176 2184 242 2233 ut
269 2174 549 2231 diximus:
592 2172 800 2231 deinde
842 2171 933 2238 iis,
962 2172 1167 2249 quibus
1206 2184 1492 2247 senectae,
1534 2175 1582 2233 si
1622 2194 1740 2233 non
1770 2182 1835 2233 20

179 2270 407 2329 abunde
432 2268 668 2345 potitur,
690 2288 809 2327 non
830 2268 1066 2327 omnino
1090 2279 1262 2327 caret.
1342 2270 1420 2330 Ut
1438 2271 1741 2349 Turpione

176 2365 465 2449 Ambivio·
492 2364 675 2443 magis
714 2363 1050 2437 delectatur,
1093 2365 1189 2442 qui
1230 2365 1291 2423 in
1327 2367 1513 2444 prima
1566 2370 1745 2429 cavea

176 2470 435 2538 spectat3
476 2461 792 2519 delectatur
832 2470 1045 2532 tamen,
1088 2461 1259 2520 etiam
1286 2463 1383 2539 qui
1424 2464 1483 2527 in
1522 2466 1743 2539 ultima,

176 2560 266 2617 sic
298 2556 702 2629 adolescentia,
729 2557 1045 2633 voluptates
1071 2576 1254 2633 prope
1289 2558 1535 2638 intua-ne,
1564 2562 1748 2640 magis

127 2657 131 2663 ’
177 2656 423 2714 fortasse
460 2653 716 2711 laetatur:
759 2653 862 2710 sed
900 2652 1219 2713 delectatur
1258 2656 1430 2715 etiam
1457 2668 1746 2731 senectus,
1777 2665 1841 2716 25

176 2749 380 2829 procul
410 2768 507 2807 eas
536 2759 822 2827 spectans,
852 2758 1093 2821 tantum,
1122 2762 1397 2827 quantum
1423 2764 1511 2811 sat
1538 2763 1640 2811 est.

255 2847 338 2905 At
366 2846 466 2904 illa
484 2844 683 2923 quanti
711 2854 862 2919 sunt,
887 2846 1161 2918 animum,
1182 2856 1472 2922 tamquam
1497 2847 1751 2904 emeritis

176 2942 481 3021 stipendiis
555 2940 834 3013 libidinis,
910 2941 1255 3015 ambitionis,
1339 2940 1752 3011 contentionis,

1876 1073 1938 1096 Q
